
   <record>
      <leader>01054cam a2200301Ia 4500</leader>
      <controlfield tag="001">9921758680001551</controlfield>
      <controlfield tag="005">20130704112449.0</controlfield>
      <controlfield tag="008">950628s1804    it            000 0 ita d</controlfield>
      <datafield ind1=" " ind2=" " tag="035">
         <subfield code="a">(OCoLC)ocm80964893</subfield>
      </datafield>
      <datafield ind1=" " ind2=" " tag="035">
         <subfield code="9">1346-230</subfield>
      </datafield>
      <datafield ind1=" " ind2=" " tag="035">
         <subfield code="a">(OCoLC)80964893</subfield>
      </datafield>
      <datafield ind1=" " ind2=" " tag="035">
         <subfield code="a">342137</subfield>
      </datafield>
      <datafield ind1=" " ind2=" " tag="035">
         <subfield code="a">(CMalG)342137-gettydb-Voyager</subfield>
      </datafield>
      <datafield ind1=" " ind2=" " tag="040">
         <subfield code="a">CMalG</subfield>
         <subfield code="c">JPG</subfield>
         <subfield code="d">JPG</subfield>
      </datafield>
      <datafield ind1="0" ind2="3" tag="245">
         <subfield code="a">Il fiacre, ossia, Guida pratica della città di Milano :</subfield>
         <subfield code="b">considerata e come centrale della Repub. Italiana e capo luogo del dipartimento di Olona, ed in se stessa Giornale per l'anno bisestile 1804.</subfield>
      </datafield>
      <datafield ind1="3" ind2="0" tag="246">
         <subfield code="a">Fiacre</subfield>
      </datafield>
      <datafield ind1="3" ind2="0" tag="246">
         <subfield code="a">Guida pratica della città di Milano</subfield>
      </datafield>
      <datafield ind1=" " ind2=" " tag="260">
         <subfield code="a">Milano :</subfield>
         <subfield code="b">Nella tipografia Pirola,</subfield>
         <subfield code="c">anno III [1804]</subfield>
      </datafield>
      <datafield ind1=" " ind2=" " tag="300">
         <subfield code="a">xxiv, 100 p. ;</subfield>
         <subfield code="c">17 cm.</subfield>
      </datafield>
      <datafield ind1=" " ind2="0" tag="651">
         <subfield code="a">Milan (Italy)</subfield>
         <subfield code="v">Registers.</subfield>
      </datafield>
      <datafield ind1=" " ind2="0" tag="651">
         <subfield code="a">Milan (Italy)</subfield>
         <subfield code="x">Politics and government.</subfield>
      </datafield>
      <datafield ind1=" " ind2="0" tag="651">
         <subfield code="a">Milan (Italy)</subfield>
         <subfield code="x">Intellectual life.</subfield>
      </datafield>
      <datafield ind1="4" ind2="1" tag="856">
         <subfield code="u">https://www.archive.org/details/ilfiacreossiagui00unse_0</subfield>
         <subfield code="z">Getty Research Institute digitized version (Internet Archive)</subfield>
      </datafield>
      <datafield ind1=" " ind2=" " tag="906">
         <subfield code="b">Carlo Alberto Chiesa</subfield>
         <subfield code="c">Milan, ITALY</subfield>
      </datafield>
      <datafield ind1=" " ind2=" " tag="909">
         <subfield code="a">ksl</subfield>
      </datafield>
      <datafield ind1=" " ind2=" " tag="921">
         <subfield code="a">b13462301</subfield>
         <subfield code="b">06-09-98</subfield>
         <subfield code="c">06-28-95</subfield>
         <subfield code="d">sc</subfield>
         <subfield code="e">20080827</subfield>
         <subfield code="f">a</subfield>
      </datafield>
      <datafield ind1=" " ind2=" " tag="935">
         <subfield code="a">c</subfield>
      </datafield>
      <datafield ind1=" " ind2=" " tag="936">
         <subfield code="a">agr</subfield>
         <subfield code="c">!jes</subfield>
      </datafield>
      <datafield ind1=" " ind2=" " tag="947">
         <subfield code="a">oclc mm 5/97</subfield>
      </datafield>
      <datafield ind1=" " ind2=" " tag="994">
         <subfield code="a">C0</subfield>
         <subfield code="b">JPG</subfield>
      </datafield>
   </record>