
   <record>
      <leader>02146cam a2200541I  4500</leader>
      <controlfield tag="001">9921790980001551</controlfield>
      <controlfield tag="005">20150317105000.0</controlfield>
      <controlfield tag="008">750207s1915    nyua     c    000 0 eng d</controlfield>
      <datafield ind1=" " ind2=" " tag="010">
         <subfield code="a">15002819</subfield>
      </datafield>
      <datafield ind1=" " ind2=" " tag="035">
         <subfield code="9">84-B29996</subfield>
      </datafield>
      <datafield ind1=" " ind2=" " tag="035">
         <subfield code="a">(OCoLC)1163386</subfield>
      </datafield>
      <datafield ind1=" " ind2=" " tag="035">
         <subfield code="a">37827</subfield>
      </datafield>
      <datafield ind1=" " ind2=" " tag="035">
         <subfield code="a">(CMalG)37827-gettydb-Voyager</subfield>
      </datafield>
      <datafield ind1=" " ind2=" " tag="035">
         <subfield code="a">(OCoLC)ocm01163386</subfield>
      </datafield>
      <datafield ind1=" " ind2=" " tag="040">
         <subfield code="a">KSU</subfield>
         <subfield code="b">eng</subfield>
         <subfield code="c">KSU</subfield>
         <subfield code="d">OCL</subfield>
         <subfield code="d">SOI</subfield>
         <subfield code="d">OCLCQ</subfield>
         <subfield code="d">OCLCG</subfield>
         <subfield code="d">JBO</subfield>
         <subfield code="d">UPM</subfield>
         <subfield code="d">BOS</subfield>
         <subfield code="d">KRTAS</subfield>
         <subfield code="d">OCLCQ</subfield>
         <subfield code="d">OCLCF</subfield>
         <subfield code="d">OCLCO</subfield>
         <subfield code="d">JPG</subfield>
      </datafield>
      <datafield ind1=" " ind2=" " tag="049">
         <subfield code="a">JPGA</subfield>
      </datafield>
      <datafield ind1="0" ind2="0" tag="050">
         <subfield code="a">NK6602.N5</subfield>
         <subfield code="b">A6 1915</subfield>
      </datafield>
      <datafield ind1="2" ind2=" " tag="110">
         <subfield code="a">Metropolitan Museum of Art (New York, N.Y.)</subfield>
      </datafield>
      <datafield ind1="1" ind2="0" tag="245">
         <subfield code="a">Handbook of arms and armor,</subfield>
         <subfield code="b">European and Oriental, including the William H. Riggs collection,</subfield>
         <subfield code="c">by Bashford Dean.</subfield>
      </datafield>
      <datafield ind1="1" ind2="4" tag="246">
         <subfield code="a">Collection of arms and armor, including the William H. Riggs donation</subfield>
      </datafield>
      <datafield ind1=" " ind2=" " tag="260">
         <subfield code="a">New York</subfield>
         <subfield code="b">[The Gilliss Press]</subfield>
         <subfield code="c">1915.</subfield>
      </datafield>
      <datafield ind1=" " ind2=" " tag="300">
         <subfield code="a">xiv 161 pages</subfield>
         <subfield code="b">illustrations</subfield>
         <subfield code="c">22 cm</subfield>
      </datafield>
      <datafield ind1=" " ind2=" " tag="336">
         <subfield code="a">text</subfield>
         <subfield code="b">txt</subfield>
         <subfield code="2">rdacontent</subfield>
      </datafield>
      <datafield ind1=" " ind2=" " tag="337">
         <subfield code="a">unmediated</subfield>
         <subfield code="b">n</subfield>
         <subfield code="2">rdamedia</subfield>
      </datafield>
      <datafield ind1=" " ind2=" " tag="338">
         <subfield code="a">volume</subfield>
         <subfield code="b">nc</subfield>
         <subfield code="2">rdacarrier</subfield>
      </datafield>
      <datafield ind1=" " ind2=" " tag="500">
         <subfield code="a">"Of this handbook 1,000 copies have been printed in January MCMXV.</subfield>
      </datafield>
      <datafield ind1=" " ind2=" " tag="500">
         <subfield code="a">"List of personages and families (European)--whose arms, personal or state, are represented in the collection, by Bashford Dean and Robert T. Nichol": p. [147]-157.</subfield>
      </datafield>
      <datafield ind1="1" ind2="0" tag="600">
         <subfield code="a">Riggs, William Henry,</subfield>
         <subfield code="d">1837-1924</subfield>
         <subfield code="x">Art collections</subfield>
         <subfield code="v">Catalogs.</subfield>
      </datafield>
      <datafield ind1="2" ind2="0" tag="610">
         <subfield code="a">Metropolitan Museum of Art (New York, N.Y.)</subfield>
         <subfield code="v">Catalogs.</subfield>
      </datafield>
      <datafield ind1=" " ind2="0" tag="650">
         <subfield code="a">Weapons</subfield>
         <subfield code="v">Catalogs.</subfield>
      </datafield>
      <datafield ind1=" " ind2="0" tag="650">
         <subfield code="a">Armor</subfield>
         <subfield code="v">Catalogs.</subfield>
      </datafield>
      <datafield ind1=" " ind2="7" tag="650">
         <subfield code="a">Armor.</subfield>
         <subfield code="2">fast</subfield>
         <subfield code="0">(OCoLC)fst00814840</subfield>
      </datafield>
      <datafield ind1=" " ind2="7" tag="650">
         <subfield code="a">Weapons.</subfield>
         <subfield code="2">fast</subfield>
         <subfield code="0">(OCoLC)fst01173008</subfield>
      </datafield>
      <datafield ind1="1" ind2=" " tag="700">
         <subfield code="a">Dean, Bashford,</subfield>
         <subfield code="d">1867-1928.</subfield>
      </datafield>
      <datafield ind1="0" ind2="8" tag="776">
         <subfield code="i">Online version:</subfield>
         <subfield code="a">Metropolitan Museum of Art (New York, N.Y.).</subfield>
         <subfield code="t">Handbook of arms and armor.</subfield>
         <subfield code="d">New York [The Gilliss Press] 1915</subfield>
         <subfield code="w">(OCoLC)656665126</subfield>
      </datafield>
      <datafield ind1="4" ind2="1" tag="856">
         <subfield code="u">https://www.archive.org/details/handbookofarmsar00metr_0</subfield>
         <subfield code="z">Getty Research Institute digitized version (Internet Archive)</subfield>
      </datafield>
      <datafield ind1=" " ind2="1" tag="905">
         <subfield code="a">1</subfield>
         <subfield code="b">11/19/84 MCC</subfield>
         <subfield code="c">MAI</subfield>
         <subfield code="e">DZ</subfield>
      </datafield>
      <datafield ind1=" " ind2="1" tag="906">
         <subfield code="a">ARSLI</subfield>
      </datafield>
      <datafield ind1=" " ind2="1" tag="909">
         <subfield code="a">AMH</subfield>
      </datafield>
      <datafield ind1=" " ind2=" " tag="921">
         <subfield code="a">b1038327x</subfield>
         <subfield code="b">12-04-98</subfield>
         <subfield code="c">04-11-95</subfield>
         <subfield code="d">cc</subfield>
         <subfield code="e">20150317</subfield>
         <subfield code="f">a</subfield>
      </datafield>
      <datafield ind1=" " ind2=" " tag="935">
         <subfield code="a">c</subfield>
      </datafield>
      <datafield ind1=" " ind2=" " tag="936">
         <subfield code="c">alm</subfield>
      </datafield>
      <datafield ind1=" " ind2="1" tag="942">
         <subfield code="b">metalwork</subfield>
      </datafield>
      <datafield ind1=" " ind2=" " tag="947">
         <subfield code="a">oclc mm 5/97</subfield>
      </datafield>
      <datafield ind1=" " ind2="1" tag="960">
         <subfield code="b">0</subfield>
      </datafield>
      <datafield ind1=" " ind2="1" tag="981">
         <subfield code="b">1</subfield>
         <subfield code="c">11/19/84 REC</subfield>
         <subfield code="d">MAIN</subfield>
         <subfield code="e">MAIN</subfield>
      </datafield>
      <datafield ind1=" " ind2=" " tag="994">
         <subfield code="a">C0</subfield>
         <subfield code="b">JPG</subfield>
      </datafield>
      <datafield ind1=" " ind2=" " tag="995">
         <subfield code="a">84-B29996</subfield>
      </datafield>
      <datafield ind1=" " ind2=" " tag="998">
         <subfield code="s">9668</subfield>
         <subfield code="n">CMalG</subfield>
         <subfield code="l">CJPA</subfield>
      </datafield>
   </record>