
   <record>
      <leader>01550cam a2200445 a 4504</leader>
      <controlfield tag="001">9921868550001551</controlfield>
      <controlfield tag="005">20130703181456.0</controlfield>
      <controlfield tag="008">900523m18971906nyua          000 0 eng d</controlfield>
      <datafield ind1=" " ind2=" " tag="035">
         <subfield code="9">90-B16077</subfield>
      </datafield>
      <datafield ind1=" " ind2=" " tag="035">
         <subfield code="a">150428</subfield>
      </datafield>
      <datafield ind1=" " ind2=" " tag="035">
         <subfield code="a">(OCoLC)3924924</subfield>
      </datafield>
      <datafield ind1=" " ind2=" " tag="035">
         <subfield code="a">(CMalG)150428-gettydb-Voyager</subfield>
      </datafield>
      <datafield ind1=" " ind2=" " tag="040">
         <subfield code="a">CMalG</subfield>
         <subfield code="c">CMalG</subfield>
      </datafield>
      <datafield ind1=" " ind2=" " tag="090">
         <subfield code="a">TH145</subfield>
         <subfield code="b">.K54 1897</subfield>
      </datafield>
      <datafield ind1="1" ind2=" " tag="100">
         <subfield code="a">Kidder, Frank E.</subfield>
         <subfield code="q">(Frank Eugene),</subfield>
         <subfield code="d">1859-1905.</subfield>
      </datafield>
      <datafield ind1="1" ind2="0" tag="245">
         <subfield code="a">Building construction and superintendence /</subfield>
         <subfield code="c">by F.E. Kidder.</subfield>
      </datafield>
      <datafield ind1=" " ind2=" " tag="250">
         <subfield code="a">2nd ed.</subfield>
      </datafield>
      <datafield ind1=" " ind2=" " tag="260">
         <subfield code="a">New York :</subfield>
         <subfield code="b">W.T. Comstock,</subfield>
         <subfield code="c">1897-1906.</subfield>
      </datafield>
      <datafield ind1=" " ind2=" " tag="300">
         <subfield code="a">3 v. :</subfield>
         <subfield code="b">ill. ;</subfield>
         <subfield code="c">25 cm.</subfield>
      </datafield>
      <datafield ind1="0" ind2=" " tag="505">
         <subfield code="a">pt. 1. Mason's work -- pt. 2. Carpenters' work -- pt. 3. Trussed roofs and roof trusses.</subfield>
      </datafield>
      <datafield ind1=" " ind2="0" tag="650">
         <subfield code="a">Building.</subfield>
      </datafield>
      <datafield ind1=" " ind2="0" tag="650">
         <subfield code="a">Building</subfield>
         <subfield code="x">Superintendence.</subfield>
      </datafield>
      <datafield ind1="4" ind2="1" tag="856">
         <subfield code="u">https://www.archive.org/details/gri_33125000021739</subfield>
         <subfield code="z">Getty Research Institute digitized version (Internet Archive), 1</subfield>
      </datafield>
      <datafield ind1="4" ind2="1" tag="856">
         <subfield code="u">https://www.archive.org/details/gri_33125000021754</subfield>
         <subfield code="z">Getty Research Institute digitized version (Internet Archive), 2</subfield>
      </datafield>
      <datafield ind1="4" ind2="1" tag="856">
         <subfield code="u">https://www.archive.org/details/gri_33125000021747</subfield>
         <subfield code="z">Getty Research Institute digitized version (Internet Archive), 3</subfield>
      </datafield>
      <datafield ind1=" " ind2="1" tag="905">
         <subfield code="a">1</subfield>
         <subfield code="b">05/23/90 RZ</subfield>
         <subfield code="c">MAI</subfield>
         <subfield code="e">DC</subfield>
      </datafield>
      <datafield ind1=" " ind2="1" tag="906">
         <subfield code="a">FRIN</subfield>
      </datafield>
      <datafield ind1=" " ind2="1" tag="909">
         <subfield code="a">SM</subfield>
      </datafield>
      <datafield ind1=" " ind2=" " tag="909">
         <subfield code="g">cica</subfield>
      </datafield>
      <datafield ind1=" " ind2="1" tag="911">
         <subfield code="a">Franklin Institute Library</subfield>
      </datafield>
      <datafield ind1=" " ind2=" " tag="921">
         <subfield code="a">b1152229x</subfield>
         <subfield code="b">12-20-00</subfield>
         <subfield code="c">04-16-95</subfield>
         <subfield code="d">cc</subfield>
         <subfield code="e">07-04-95</subfield>
         <subfield code="f">a</subfield>
      </datafield>
      <datafield ind1=" " ind2=" " tag="935">
         <subfield code="a">c</subfield>
      </datafield>
      <datafield ind1=" " ind2=" " tag="950">
         <subfield code="l">CONS</subfield>
      </datafield>
      <datafield ind1=" " ind2=" " tag="955">
         <subfield code="c">1:pt.1</subfield>
         <subfield code="q">90-B16077-1</subfield>
         <subfield code="q">conmay90</subfield>
         <subfield code="r">33125000021739</subfield>
         <subfield code="h">09/01/94 C</subfield>
      </datafield>
      <datafield ind1=" " ind2=" " tag="955">
         <subfield code="c">1:pt.2</subfield>
         <subfield code="q">90-B16077-1</subfield>
         <subfield code="q">conmay90</subfield>
         <subfield code="r">33125000021754</subfield>
         <subfield code="h">09/01/94 C</subfield>
      </datafield>
      <datafield ind1=" " ind2=" " tag="955">
         <subfield code="c">1:pt.3</subfield>
         <subfield code="q">90-B16077-1</subfield>
         <subfield code="q">conmay90</subfield>
         <subfield code="r">33125000021747</subfield>
         <subfield code="h">09/01/94 C</subfield>
      </datafield>
      <datafield ind1=" " ind2="1" tag="955">
         <subfield code="r">021739</subfield>
         <subfield code="r">021747</subfield>
         <subfield code="r">021754</subfield>
      </datafield>
      <datafield ind1=" " ind2="1" tag="960">
         <subfield code="b">0</subfield>
      </datafield>
      <datafield ind1=" " ind2="1" tag="981">
         <subfield code="b">1</subfield>
         <subfield code="c">08/24/94 CAT</subfield>
         <subfield code="d">CONS</subfield>
         <subfield code="e">CONS</subfield>
         <subfield code="f">v.1</subfield>
         <subfield code="i">05/23/90 REC</subfield>
      </datafield>
      <datafield ind1=" " ind2="1" tag="981">
         <subfield code="b">1</subfield>
         <subfield code="c">08/24/94 CAT</subfield>
         <subfield code="d">CONS</subfield>
         <subfield code="e">CONS</subfield>
         <subfield code="f">v.2</subfield>
         <subfield code="i">05/23/90 REC</subfield>
      </datafield>
      <datafield ind1=" " ind2="1" tag="981">
         <subfield code="b">1</subfield>
         <subfield code="c">08/24/94 CAT</subfield>
         <subfield code="d">CONS</subfield>
         <subfield code="e">CONS</subfield>
         <subfield code="f">v.3</subfield>
         <subfield code="i">05/23/90 REC</subfield>
      </datafield>
      <datafield ind1=" " ind2=" " tag="995">
         <subfield code="a">90-B16077</subfield>
      </datafield>
      <datafield ind1="0" ind2=" " tag="996">
         <subfield code="a">Conservation collection (Getty Research Institute)</subfield>
      </datafield>
      <datafield ind1=" " ind2=" " tag="998">
         <subfield code="s">9118</subfield>
         <subfield code="n">CMalG</subfield>
         <subfield code="c">MF</subfield>
         <subfield code="b">GCS</subfield>
         <subfield code="l">CJPA</subfield>
      </datafield>
   </record>