
   <record>
      <leader>00968cam a2200337uu 4504</leader>
      <controlfield tag="001">9921975010001551</controlfield>
      <controlfield tag="005">20130703172049.0</controlfield>
      <controlfield tag="008">871103q19001987enk||||||||| |||| ||eng |</controlfield>
      <datafield ind1=" " ind2=" " tag="035">
         <subfield code="9">87-B23497</subfield>
      </datafield>
      <datafield ind1=" " ind2=" " tag="035">
         <subfield code="a">(OCoLC)78400430</subfield>
      </datafield>
      <datafield ind1=" " ind2=" " tag="035">
         <subfield code="a">119236</subfield>
      </datafield>
      <datafield ind1=" " ind2=" " tag="035">
         <subfield code="a">(CMalG)119236-gettydb-Voyager</subfield>
      </datafield>
      <datafield ind1=" " ind2=" " tag="040">
         <subfield code="a">CMalG</subfield>
         <subfield code="c">CMalG</subfield>
      </datafield>
      <datafield ind1="2" ind2=" " tag="110">
         <subfield code="a">John Murray (Firm)</subfield>
      </datafield>
      <datafield ind1="1" ind2="0" tag="245">
         <subfield code="a">Murray's hand-book eastern counties.</subfield>
      </datafield>
      <datafield ind1=" " ind2=" " tag="250">
         <subfield code="a">3rd ed.</subfield>
      </datafield>
      <datafield ind1=" " ind2=" " tag="260">
         <subfield code="a">[London :</subfield>
         <subfield code="b">J. Murray,</subfield>
         <subfield code="c">19--]</subfield>
      </datafield>
      <datafield ind1=" " ind2="0" tag="440">
         <subfield code="a">Murray's English handbooks</subfield>
      </datafield>
      <datafield ind1=" " ind2=" " tag="500">
         <subfield code="a">Cover title.</subfield>
      </datafield>
      <datafield ind1=" " ind2=" " tag="500">
         <subfield code="a">Spine title: Hand-book Essex, Suffolk, Norfolk, Cambridgeshire.</subfield>
      </datafield>
      <datafield ind1="0" ind2="1" tag="740">
         <subfield code="a">Hand-book Essex, Suffolk, Norfolk, Cambridgeshire.</subfield>
      </datafield>
      <datafield ind1="4" ind2="1" tag="856">
         <subfield code="u">https://www.archive.org/details/murrayshandbooke00john</subfield>
         <subfield code="z">Getty Research Institute digitized version (Internet Archive)</subfield>
      </datafield>
      <datafield ind1=" " ind2="1" tag="905">
         <subfield code="a">1</subfield>
         <subfield code="b">11/03/87 BRG</subfield>
         <subfield code="c">MAI</subfield>
         <subfield code="e">DC</subfield>
      </datafield>
      <datafield ind1=" " ind2="1" tag="906">
         <subfield code="a">EW</subfield>
      </datafield>
      <datafield ind1=" " ind2="1" tag="909">
         <subfield code="a">AMH</subfield>
      </datafield>
      <datafield ind1=" " ind2="1" tag="911">
         <subfield code="a">Ellis Waterhouse Library</subfield>
      </datafield>
      <datafield ind1=" " ind2=" " tag="921">
         <subfield code="a">b11207437</subfield>
         <subfield code="b">06-08-98</subfield>
         <subfield code="c">04-13-95</subfield>
         <subfield code="d">cc</subfield>
         <subfield code="e">-  -</subfield>
         <subfield code="f">a</subfield>
      </datafield>
      <datafield ind1=" " ind2=" " tag="935">
         <subfield code="a">acctemp</subfield>
      </datafield>
      <datafield ind1=" " ind2=" " tag="947">
         <subfield code="a">oclc mm 5/97</subfield>
      </datafield>
      <datafield ind1=" " ind2="1" tag="960">
         <subfield code="b">0</subfield>
      </datafield>
      <datafield ind1=" " ind2="1" tag="981">
         <subfield code="b">1</subfield>
         <subfield code="c">11/03/87 REC</subfield>
         <subfield code="d">MAIN</subfield>
         <subfield code="e">MAIN</subfield>
      </datafield>
      <datafield ind1=" " ind2=" " tag="995">
         <subfield code="a">87-B23497</subfield>
      </datafield>
      <datafield ind1=" " ind2=" " tag="998">
         <subfield code="s">9668</subfield>
         <subfield code="n">CMalG</subfield>
         <subfield code="l">CJPA</subfield>
      </datafield>
   </record>