
   <record>
      <leader>01103cam a2200361   4500</leader>
      <controlfield tag="001">9921977010001551</controlfield>
      <controlfield tag="005">20130703172039.0</controlfield>
      <controlfield tag="008">810518s1860    fr            000 0bfre d</controlfield>
      <datafield ind1=" " ind2=" " tag="035">
         <subfield code="9">87-B23409</subfield>
      </datafield>
      <datafield ind1=" " ind2=" " tag="035">
         <subfield code="a">(CStRLIN)CJPA87-B23409</subfield>
      </datafield>
      <datafield ind1=" " ind2=" " tag="035">
         <subfield code="a">(OCoLC)7427448</subfield>
      </datafield>
      <datafield ind1=" " ind2=" " tag="035">
         <subfield code="a">119144</subfield>
      </datafield>
      <datafield ind1=" " ind2=" " tag="035">
         <subfield code="a">(CMalG)119144-gettydb-Voyager</subfield>
      </datafield>
      <datafield ind1=" " ind2=" " tag="040">
         <subfield code="a">CU-SB</subfield>
         <subfield code="c">CU-SB</subfield>
         <subfield code="d">CMalG</subfield>
      </datafield>
      <datafield ind1=" " ind2=" " tag="043">
         <subfield code="a">e-sp---</subfield>
      </datafield>
      <datafield ind1="1" ind2=" " tag="100">
         <subfield code="a">Viardot, Louis,</subfield>
         <subfield code="d">1800-1883.</subfield>
      </datafield>
      <datafield ind1="1" ind2="4" tag="245">
         <subfield code="a">Les musées d'Espagne;</subfield>
         <subfield code="b">guide et memento de l'artiste et du voyageur, suivis de notices biographiques sur les principaux peintres de l'Espagne.</subfield>
      </datafield>
      <datafield ind1=" " ind2=" " tag="250">
         <subfield code="a">3. éd. très augmentée.</subfield>
      </datafield>
      <datafield ind1=" " ind2=" " tag="260">
         <subfield code="a">Paris,</subfield>
         <subfield code="b">Hachette,</subfield>
         <subfield code="c">1860.</subfield>
      </datafield>
      <datafield ind1=" " ind2=" " tag="300">
         <subfield code="a">iii, 367 p.</subfield>
      </datafield>
      <datafield ind1="1" ind2=" " tag="490">
         <subfield code="a">Les musées d'Europe.</subfield>
      </datafield>
      <datafield ind1=" " ind2="0" tag="650">
         <subfield code="a">Painting</subfield>
         <subfield code="z">Spain.</subfield>
      </datafield>
      <datafield ind1=" " ind2="0" tag="650">
         <subfield code="a">Art museums</subfield>
         <subfield code="z">Spain</subfield>
         <subfield code="z">Madrid.</subfield>
      </datafield>
      <datafield ind1="0" ind2=" " tag="730">
         <subfield code="a">Musées d'Europe.</subfield>
      </datafield>
      <datafield ind1="4" ind2="1" tag="856">
         <subfield code="u">https://www.archive.org/details/lesmuseesdespagn00viar_0</subfield>
         <subfield code="z">Getty Research Institute digitized version (Internet Archive)</subfield>
      </datafield>
      <datafield ind1=" " ind2="1" tag="905">
         <subfield code="a">1</subfield>
         <subfield code="b">11/02/87 BRG</subfield>
         <subfield code="c">MAI</subfield>
         <subfield code="e">DC</subfield>
      </datafield>
      <datafield ind1=" " ind2="1" tag="906">
         <subfield code="a">EW</subfield>
      </datafield>
      <datafield ind1=" " ind2="1" tag="909">
         <subfield code="a">AMH</subfield>
      </datafield>
      <datafield ind1=" " ind2="1" tag="911">
         <subfield code="a">Ellis Waterhouse Library</subfield>
      </datafield>
      <datafield ind1=" " ind2=" " tag="921">
         <subfield code="a">b11206500</subfield>
         <subfield code="b">06-09-98</subfield>
         <subfield code="c">04-13-95</subfield>
         <subfield code="d">cc</subfield>
         <subfield code="e">-  -</subfield>
         <subfield code="f">a</subfield>
      </datafield>
      <datafield ind1=" " ind2=" " tag="935">
         <subfield code="a">accsubj</subfield>
      </datafield>
      <datafield ind1=" " ind2=" " tag="947">
         <subfield code="a">oclc mm 5/97</subfield>
      </datafield>
      <datafield ind1=" " ind2=" " tag="948">
         <subfield code="a">7427448</subfield>
      </datafield>
      <datafield ind1=" " ind2="1" tag="981">
         <subfield code="b">1</subfield>
         <subfield code="c">11/02/87 REC</subfield>
         <subfield code="d">MAIN</subfield>
         <subfield code="e">MAIN</subfield>
      </datafield>
      <datafield ind1=" " ind2=" " tag="995">
         <subfield code="a">87-B23409</subfield>
      </datafield>
   </record>