
   <record>
      <leader>00822cam a2200289   4504</leader>
      <controlfield tag="001">9921990830001551</controlfield>
      <controlfield tag="005">20130703172121.0</controlfield>
      <controlfield tag="008">871105q18901899dk |||||||||||||| ||dan|d</controlfield>
      <datafield ind1=" " ind2=" " tag="035">
         <subfield code="9">87-B23721</subfield>
      </datafield>
      <datafield ind1=" " ind2=" " tag="035">
         <subfield code="a">(OCoLC)80047780</subfield>
      </datafield>
      <datafield ind1=" " ind2=" " tag="035">
         <subfield code="a">119454</subfield>
      </datafield>
      <datafield ind1=" " ind2=" " tag="035">
         <subfield code="a">(CMalG)119454-gettydb-Voyager</subfield>
      </datafield>
      <datafield ind1=" " ind2=" " tag="040">
         <subfield code="a">NN</subfield>
         <subfield code="c">CMalG</subfield>
         <subfield code="d">CMalG</subfield>
      </datafield>
      <datafield ind1="1" ind2=" " tag="100">
         <subfield code="a">Bøgh, Nicolaj.</subfield>
      </datafield>
      <datafield ind1="1" ind2="0" tag="245">
         <subfield code="a">Fritz Jürgensen og hans tegninger /</subfield>
         <subfield code="c">[Nicolaj Bøgh].</subfield>
      </datafield>
      <datafield ind1=" " ind2=" " tag="260">
         <subfield code="a">[København] :</subfield>
         <subfield code="b">Det Nordiske Forlag,</subfield>
         <subfield code="c">[189-?]</subfield>
      </datafield>
      <datafield ind1=" " ind2=" " tag="300">
         <subfield code="a">172 p., 2 l., 95 pl., 2 port.</subfield>
         <subfield code="c">4.</subfield>
      </datafield>
      <datafield ind1="1" ind2="0" tag="600">
         <subfield code="a">Jürgensen, Fritz,</subfield>
         <subfield code="d">1818-1863.</subfield>
      </datafield>
      <datafield ind1="4" ind2="1" tag="856">
         <subfield code="u">https://www.archive.org/details/fritzjurgensenog00bghn</subfield>
         <subfield code="z">Getty Research Institute digitized version (Internet Archive)</subfield>
      </datafield>
      <datafield ind1=" " ind2="1" tag="905">
         <subfield code="a">1</subfield>
         <subfield code="b">11/05/87 DDE</subfield>
         <subfield code="c">MAI</subfield>
         <subfield code="e">DZ</subfield>
      </datafield>
      <datafield ind1=" " ind2="1" tag="906">
         <subfield code="a">ARSLI</subfield>
      </datafield>
      <datafield ind1=" " ind2="1" tag="909">
         <subfield code="a">AMH</subfield>
      </datafield>
      <datafield ind1=" " ind2=" " tag="921">
         <subfield code="a">b11209616</subfield>
         <subfield code="b">06-08-98</subfield>
         <subfield code="c">04-13-95</subfield>
         <subfield code="d">cc</subfield>
         <subfield code="e">-  -</subfield>
         <subfield code="f">a</subfield>
      </datafield>
      <datafield ind1=" " ind2=" " tag="935">
         <subfield code="a">accsubj</subfield>
      </datafield>
      <datafield ind1=" " ind2=" " tag="947">
         <subfield code="a">oclc mm 5/97</subfield>
      </datafield>
      <datafield ind1=" " ind2="1" tag="960">
         <subfield code="b">0</subfield>
      </datafield>
      <datafield ind1=" " ind2="1" tag="981">
         <subfield code="b">1</subfield>
         <subfield code="c">11/05/87 REC</subfield>
         <subfield code="d">MAIN</subfield>
         <subfield code="e">MAIN</subfield>
      </datafield>
      <datafield ind1=" " ind2=" " tag="995">
         <subfield code="a">87-B23721</subfield>
      </datafield>
      <datafield ind1=" " ind2=" " tag="998">
         <subfield code="s">9995</subfield>
         <subfield code="n">CMalG</subfield>
         <subfield code="l">CJPA</subfield>
      </datafield>
   </record>