
   <record>
      <leader>01297cam a22004211  4504</leader>
      <controlfield tag="001">9921992360001551</controlfield>
      <controlfield tag="005">20130703172119.0</controlfield>
      <controlfield tag="008">871105s1907    fr ch         000 0 fre  </controlfield>
      <datafield ind1=" " ind2=" " tag="010">
         <subfield code="a">08014825</subfield>
      </datafield>
      <datafield ind1=" " ind2=" " tag="035">
         <subfield code="9">87-B23706</subfield>
      </datafield>
      <datafield ind1=" " ind2=" " tag="035">
         <subfield code="a">(OCoLC)3963200</subfield>
      </datafield>
      <datafield ind1=" " ind2=" " tag="035">
         <subfield code="a">119437</subfield>
      </datafield>
      <datafield ind1=" " ind2=" " tag="035">
         <subfield code="a">(CMalG)119437-gettydb-Voyager</subfield>
      </datafield>
      <datafield ind1=" " ind2=" " tag="040">
         <subfield code="c">CarP</subfield>
         <subfield code="d">CMalG</subfield>
      </datafield>
      <datafield ind1="0" ind2=" " tag="050">
         <subfield code="a">PQ4546</subfield>
         <subfield code="b">.N75</subfield>
      </datafield>
      <datafield ind1="1" ind2=" " tag="100">
         <subfield code="a">Nolhac, Pierre de,</subfield>
         <subfield code="d">1859-1936.</subfield>
      </datafield>
      <datafield ind1="1" ind2="0" tag="245">
         <subfield code="a">Pétrarque et l'humanisme.</subfield>
      </datafield>
      <datafield ind1=" " ind2=" " tag="250">
         <subfield code="a">Nouv. éd., remaniée et augm.</subfield>
      </datafield>
      <datafield ind1=" " ind2=" " tag="260">
         <subfield code="a">Paris,</subfield>
         <subfield code="b">H. Champion,</subfield>
         <subfield code="c">1907.</subfield>
      </datafield>
      <datafield ind1=" " ind2=" " tag="300">
         <subfield code="a">2 v.</subfield>
         <subfield code="b">front. (v. 2), ports., facsims.</subfield>
         <subfield code="c">26 cm.</subfield>
      </datafield>
      <datafield ind1=" " ind2="0" tag="440">
         <subfield code="a">Bibliothèque littéraire de la Renaissance.</subfield>
         <subfield code="p">Nouvelle sér ;</subfield>
         <subfield code="v">t. 1-2</subfield>
      </datafield>
      <datafield ind1="1" ind2="0" tag="600">
         <subfield code="a">Petrarca, Francesco,</subfield>
         <subfield code="d">1304-1374.</subfield>
      </datafield>
      <datafield ind1="1" ind2="0" tag="600">
         <subfield code="a">Petrarca, Francesco,</subfield>
         <subfield code="d">1304-1374</subfield>
         <subfield code="x">Books and reading.</subfield>
      </datafield>
      <datafield ind1="1" ind2="0" tag="600">
         <subfield code="a">Petrarca, Francesco,</subfield>
         <subfield code="d">1304-1374</subfield>
         <subfield code="x">Art.</subfield>
      </datafield>
      <datafield ind1="1" ind2="0" tag="600">
         <subfield code="a">Cicero, Marcus Tullius.</subfield>
      </datafield>
      <datafield ind1="0" ind2="0" tag="600">
         <subfield code="a">Virgil.</subfield>
      </datafield>
      <datafield ind1=" " ind2="0" tag="650">
         <subfield code="a">Humanism.</subfield>
      </datafield>
      <datafield ind1=" " ind2="0" tag="650">
         <subfield code="a">Latin literature</subfield>
         <subfield code="x">History and criticism.</subfield>
      </datafield>
      <datafield ind1=" " ind2="0" tag="650">
         <subfield code="a">Manuscripts, Latin.</subfield>
      </datafield>
      <datafield ind1="4" ind2="1" tag="856">
         <subfield code="u">https://www.archive.org/details/petrarqueetlhuma01nolh</subfield>
         <subfield code="z">Getty Research Institute digitized version (Internet Archive), v.1</subfield>
      </datafield>
      <datafield ind1="4" ind2="1" tag="856">
         <subfield code="u">https://www.archive.org/details/petrarqueetlhuma02nolh</subfield>
         <subfield code="z">Getty Research Institute digitized version (Internet Archive), v.2</subfield>
      </datafield>
      <datafield ind1=" " ind2="1" tag="905">
         <subfield code="a">1</subfield>
         <subfield code="b">11/05/87 DW</subfield>
         <subfield code="c">MAI</subfield>
         <subfield code="e">DC</subfield>
      </datafield>
      <datafield ind1=" " ind2="1" tag="906">
         <subfield code="a">EW</subfield>
      </datafield>
      <datafield ind1=" " ind2="1" tag="909">
         <subfield code="a">AMH</subfield>
      </datafield>
      <datafield ind1=" " ind2="1" tag="911">
         <subfield code="a">Ellis Waterhouse Library</subfield>
      </datafield>
      <datafield ind1=" " ind2=" " tag="921">
         <subfield code="a">b11209446</subfield>
         <subfield code="b">03-11-97</subfield>
         <subfield code="c">04-13-95</subfield>
         <subfield code="d">cc</subfield>
         <subfield code="e">-  -</subfield>
         <subfield code="f">a</subfield>
      </datafield>
      <datafield ind1=" " ind2=" " tag="935">
         <subfield code="a">c</subfield>
      </datafield>
      <datafield ind1=" " ind2="1" tag="960">
         <subfield code="b">0</subfield>
      </datafield>
      <datafield ind1=" " ind2="1" tag="981">
         <subfield code="b">1</subfield>
         <subfield code="c">11/05/87 REC</subfield>
         <subfield code="d">MAIN</subfield>
         <subfield code="e">MAIN</subfield>
      </datafield>
      <datafield ind1=" " ind2=" " tag="995">
         <subfield code="a">87-B23706</subfield>
      </datafield>
      <datafield ind1=" " ind2=" " tag="998">
         <subfield code="s">9665</subfield>
         <subfield code="n">CMalG</subfield>
         <subfield code="l">CJPA</subfield>
      </datafield>
   </record>