
   <record>
      <leader>01410cam a2200409Ia 4500</leader>
      <controlfield tag="001">9922004420001551</controlfield>
      <controlfield tag="005">20130703172046.0</controlfield>
      <controlfield tag="008">871103s1868    enke          001 0 eng d</controlfield>
      <datafield ind1=" " ind2=" " tag="035">
         <subfield code="a">(OCoLC)ocm20577683</subfield>
      </datafield>
      <datafield ind1=" " ind2=" " tag="035">
         <subfield code="9">87-B23466</subfield>
      </datafield>
      <datafield ind1=" " ind2=" " tag="035">
         <subfield code="a">(OCoLC)20577683</subfield>
      </datafield>
      <datafield ind1=" " ind2=" " tag="035">
         <subfield code="a">119203</subfield>
      </datafield>
      <datafield ind1=" " ind2=" " tag="035">
         <subfield code="a">(CMalG)119203-gettydb-Voyager</subfield>
      </datafield>
      <datafield ind1=" " ind2=" " tag="040">
         <subfield code="a">OBE</subfield>
         <subfield code="c">OBE</subfield>
         <subfield code="d">OCLCQ</subfield>
         <subfield code="d">JPG</subfield>
      </datafield>
      <datafield ind1=" " ind2="4" tag="050">
         <subfield code="a">N5056.L43</subfield>
         <subfield code="b">N37 1868</subfield>
      </datafield>
      <datafield ind1="0" ind2="4" tag="082">
         <subfield code="a">708.2</subfield>
         <subfield code="b">L517O</subfield>
      </datafield>
      <datafield ind1=" " ind2=" " tag="090">
         <subfield code="a">N5056.L44</subfield>
         <subfield code="b">N38 1868</subfield>
      </datafield>
      <datafield ind1="2" ind2=" " tag="111">
         <subfield code="a">National Exhibition of Works of Art</subfield>
         <subfield code="d">(1868 :</subfield>
         <subfield code="c">Leeds, England)</subfield>
      </datafield>
      <datafield ind1="1" ind2="0" tag="245">
         <subfield code="a">National exhibition of works of art, at Leeds, 1868 :</subfield>
         <subfield code="b">official catalogue /</subfield>
         <subfield code="c">Published by the Executive Committee.</subfield>
      </datafield>
      <datafield ind1=" " ind2=" " tag="250">
         <subfield code="a">Under revision.</subfield>
      </datafield>
      <datafield ind1=" " ind2=" " tag="260">
         <subfield code="a">Leeds :</subfield>
         <subfield code="b">Printed by Edward Baines and Sons,</subfield>
         <subfield code="c">1868.</subfield>
      </datafield>
      <datafield ind1=" " ind2=" " tag="300">
         <subfield code="a">374, [1] p., [4] leaves of plates :</subfield>
         <subfield code="b">plans ;</subfield>
         <subfield code="c">19 cm.</subfield>
      </datafield>
      <datafield ind1=" " ind2=" " tag="500">
         <subfield code="a">"Index and biographical notices of the old masters and English school, by R.N. James. Those of the modern foreign artists by L. Lefèvre.": p. 342-[375].</subfield>
      </datafield>
      <datafield ind1=" " ind2="0" tag="650">
         <subfield code="a">Art</subfield>
         <subfield code="v">Exhibitions.</subfield>
      </datafield>
      <datafield ind1=" " ind2="0" tag="650">
         <subfield code="a">Painting</subfield>
         <subfield code="v">Exhibitions.</subfield>
      </datafield>
      <datafield ind1="1" ind2=" " tag="700">
         <subfield code="a">James, Ralph N.</subfield>
      </datafield>
      <datafield ind1="1" ind2=" " tag="700">
         <subfield code="a">Lefèvre, L.</subfield>
      </datafield>
      <datafield ind1="4" ind2="1" tag="856">
         <subfield code="u">https://www.archive.org/details/nationalexhibiti00nati</subfield>
         <subfield code="z">Getty Research Institute digitized version (Internet Archive)</subfield>
      </datafield>
      <datafield ind1=" " ind2="1" tag="905">
         <subfield code="a">1</subfield>
         <subfield code="b">11/03/87 MAT</subfield>
         <subfield code="c">MAI</subfield>
         <subfield code="e">DC</subfield>
      </datafield>
      <datafield ind1=" " ind2="1" tag="906">
         <subfield code="a">EW</subfield>
      </datafield>
      <datafield ind1=" " ind2="1" tag="909">
         <subfield code="a">AMH</subfield>
      </datafield>
      <datafield ind1=" " ind2="1" tag="911">
         <subfield code="a">Ellis Waterhouse Library</subfield>
      </datafield>
      <datafield ind1=" " ind2=" " tag="921">
         <subfield code="a">b11207103</subfield>
         <subfield code="b">06-08-98</subfield>
         <subfield code="c">04-13-95</subfield>
         <subfield code="d">cc</subfield>
         <subfield code="e">20100414</subfield>
         <subfield code="f">a</subfield>
      </datafield>
      <datafield ind1=" " ind2=" " tag="935">
         <subfield code="a">c</subfield>
      </datafield>
      <datafield ind1=" " ind2=" " tag="936">
         <subfield code="c">!blm</subfield>
      </datafield>
      <datafield ind1=" " ind2=" " tag="947">
         <subfield code="a">oclc mm 5/97</subfield>
      </datafield>
      <datafield ind1=" " ind2="1" tag="981">
         <subfield code="b">1</subfield>
         <subfield code="c">11/03/87 REC</subfield>
         <subfield code="d">MAIN</subfield>
         <subfield code="e">MAIN</subfield>
      </datafield>
      <datafield ind1=" " ind2=" " tag="994">
         <subfield code="a">C0</subfield>
         <subfield code="b">JPG</subfield>
      </datafield>
      <datafield ind1=" " ind2=" " tag="995">
         <subfield code="a">87-B23466</subfield>
      </datafield>
   </record>