
   <record>
      <leader>01763cam a2200469I  4500</leader>
      <controlfield tag="001">9922345350001551</controlfield>
      <controlfield tag="005">20130703172005.0</controlfield>
      <controlfield tag="008">950922m19219999wlk      c    000 0 eng  </controlfield>
      <datafield ind1=" " ind2=" " tag="010">
         <subfield code="a">   22010162 </subfield>
      </datafield>
      <datafield ind1=" " ind2=" " tag="035">
         <subfield code="a">ocm33188515</subfield>
         <subfield code="6">ORIG</subfield>
      </datafield>
      <datafield ind1=" " ind2=" " tag="035">
         <subfield code="a">(OCoLC)118847</subfield>
      </datafield>
      <datafield ind1=" " ind2=" " tag="035">
         <subfield code="9">87-B23132</subfield>
      </datafield>
      <datafield ind1=" " ind2=" " tag="035">
         <subfield code="a">(CStRLIN)CJPA87-B23132</subfield>
      </datafield>
      <datafield ind1=" " ind2=" " tag="035">
         <subfield code="a">(OCoLC)33188515</subfield>
      </datafield>
      <datafield ind1=" " ind2=" " tag="035">
         <subfield code="a">(OCoLC)33188515</subfield>
      </datafield>
      <datafield ind1=" " ind2=" " tag="035">
         <subfield code="a">118847</subfield>
      </datafield>
      <datafield ind1=" " ind2=" " tag="035">
         <subfield code="a">(CMalG)118847-gettydb-Voyager</subfield>
      </datafield>
      <datafield ind1=" " ind2=" " tag="040">
         <subfield code="a">DLC</subfield>
         <subfield code="c">UMK</subfield>
         <subfield code="d">OCLCQ</subfield>
         <subfield code="d">OCLCG</subfield>
         <subfield code="d">KRTAS</subfield>
      </datafield>
      <datafield ind1=" " ind2=" " tag="043">
         <subfield code="a">e-uk-wl</subfield>
      </datafield>
      <datafield ind1="0" ind2=" " tag="050">
         <subfield code="a">Z6621</subfield>
         <subfield code="b">.A14</subfield>
      </datafield>
      <datafield ind1="2" ind2=" " tag="110">
         <subfield code="a">National Library of Wales.</subfield>
      </datafield>
      <datafield ind1="1" ind2="0" tag="245">
         <subfield code="a">Catalogue of manuscripts ...</subfield>
      </datafield>
      <datafield ind1=" " ind2=" " tag="260">
         <subfield code="a">Aberystwyth,</subfield>
         <subfield code="b">National Library of Wales,</subfield>
         <subfield code="c">1921-</subfield>
      </datafield>
      <datafield ind1=" " ind2=" " tag="300">
         <subfield code="a">v.</subfield>
         <subfield code="c">26 cm.</subfield>
      </datafield>
      <datafield ind1=" " ind2=" " tag="500">
         <subfield code="a">At head of title: The National library of Wales.</subfield>
      </datafield>
      <datafield ind1=" " ind2=" " tag="500">
         <subfield code="a">"Five hundred copies of this work were printed at the private printing press of the National library of Wales, 1915-21."</subfield>
      </datafield>
      <datafield ind1=" " ind2=" " tag="500">
         <subfield code="a">"The manuscripts ... in this volume include those omitted from the catalogue of the Piâs Llanstephan mss. issued by the Historical mss. commission, and some additions made by Sir John Williams subsequest to the issue of that catalogue in 1903"--Pref.</subfield>
      </datafield>
      <datafield ind1=" " ind2=" " tag="500">
         <subfield code="a">Vol. I- by J.H. Davies.</subfield>
      </datafield>
      <datafield ind1=" " ind2="0" tag="650">
         <subfield code="a">Manuscripts, Welsh</subfield>
         <subfield code="v">Catalogs.</subfield>
      </datafield>
      <datafield ind1=" " ind2="0" tag="650">
         <subfield code="a">Manuscripts</subfield>
         <subfield code="z">Wales</subfield>
         <subfield code="v">Catalogs.</subfield>
      </datafield>
      <datafield ind1="1" ind2=" " tag="700">
         <subfield code="a">Davies, J. H.</subfield>
         <subfield code="q">(John Humphreys),</subfield>
         <subfield code="d">1871-1926.</subfield>
      </datafield>
      <datafield ind1="1" ind2=" " tag="700">
         <subfield code="a">Williams, John,</subfield>
         <subfield code="c">Sir,</subfield>
         <subfield code="d">1840-1926.</subfield>
      </datafield>
      <datafield ind1="4" ind2="1" tag="856">
         <subfield code="u">https://www.archive.org/details/catalogueofmanus01nati</subfield>
         <subfield code="z">Getty Research Institute digitized version (Internet Archive), v.1</subfield>
      </datafield>
      <datafield ind1=" " ind2="1" tag="905">
         <subfield code="a">1</subfield>
         <subfield code="b">10/29/87 SMT</subfield>
         <subfield code="c">MAI</subfield>
         <subfield code="e">UO</subfield>
      </datafield>
      <datafield ind1=" " ind2="1" tag="906">
         <subfield code="a">ROSEN</subfield>
      </datafield>
      <datafield ind1=" " ind2="1" tag="908">
         <subfield code="a">pr/65.00,inv#10299,invd871105,inrd880111</subfield>
      </datafield>
      <datafield ind1=" " ind2="1" tag="909">
         <subfield code="a">JME</subfield>
      </datafield>
      <datafield ind1=" " ind2=" " tag="921">
         <subfield code="a">b11203511</subfield>
         <subfield code="b">06-09-98</subfield>
         <subfield code="c">04-13-95</subfield>
         <subfield code="d">cc</subfield>
         <subfield code="e">-  -</subfield>
         <subfield code="f">a</subfield>
      </datafield>
      <datafield ind1=" " ind2=" " tag="935">
         <subfield code="a">c</subfield>
      </datafield>
      <datafield ind1=" " ind2="1" tag="942">
         <subfield code="b">List 49/242</subfield>
      </datafield>
      <datafield ind1=" " ind2=" " tag="947">
         <subfield code="a">oclc mm 5/97</subfield>
      </datafield>
      <datafield ind1=" " ind2=" " tag="948">
         <subfield code="a">Marcadia 20091211B</subfield>
      </datafield>
      <datafield ind1=" " ind2="1" tag="981">
         <subfield code="b">1</subfield>
         <subfield code="c">01/11/88 REC</subfield>
         <subfield code="d">MAIN</subfield>
         <subfield code="e">MAIN</subfield>
         <subfield code="f">v.1</subfield>
         <subfield code="i">10/29/87 ORD</subfield>
      </datafield>
      <datafield ind1=" " ind2=" " tag="995">
         <subfield code="a">87-B23132</subfield>
      </datafield>
   </record>