
   <record>
      <leader>00904cam a2200289uu 4504</leader>
      <controlfield tag="001">9922346310001551</controlfield>
      <controlfield tag="005">20130703171944.0</controlfield>
      <controlfield tag="008">871028s1898    enk||||||||| |||| ||eng |</controlfield>
      <datafield ind1=" " ind2=" " tag="035">
         <subfield code="9">87-B22957</subfield>
      </datafield>
      <datafield ind1=" " ind2=" " tag="035">
         <subfield code="a">118652</subfield>
      </datafield>
      <datafield ind1=" " ind2=" " tag="035">
         <subfield code="a">(OCoLC)84215307</subfield>
      </datafield>
      <datafield ind1=" " ind2=" " tag="035">
         <subfield code="a">(CMalG)118652-gettydb-Voyager</subfield>
      </datafield>
      <datafield ind1=" " ind2=" " tag="040">
         <subfield code="a">CMalG</subfield>
         <subfield code="c">CMalG</subfield>
      </datafield>
      <datafield ind1="0" ind2="0" tag="245">
         <subfield code="a">Catalogue of oil paintings by the old masters :</subfield>
         <subfield code="b">in the possession ofE.A. Leatham, Esq., Misarden Park, Gloucestershire.</subfield>
      </datafield>
      <datafield ind1=" " ind2=" " tag="260">
         <subfield code="a">[England :</subfield>
         <subfield code="b">s.n.,</subfield>
         <subfield code="c">1898]</subfield>
         <subfield code="e">(Cirencester :</subfield>
         <subfield code="f">Savory &amp; Coles)</subfield>
      </datafield>
      <datafield ind1=" " ind2=" " tag="500">
         <subfield code="a">Cover title.</subfield>
      </datafield>
      <datafield ind1="1" ind2="0" tag="600">
         <subfield code="a">Leatham, Edward A.</subfield>
         <subfield code="q">(Edward Aldam)</subfield>
         <subfield code="x">Art collections.</subfield>
      </datafield>
      <datafield ind1="4" ind2="1" tag="856">
         <subfield code="u">https://www.archive.org/details/catalogueofoilpa00unse</subfield>
         <subfield code="z">Getty Research Institute digitized version (Internet Archive)</subfield>
      </datafield>
      <datafield ind1=" " ind2="1" tag="905">
         <subfield code="a">1</subfield>
         <subfield code="b">10/28/87 AM</subfield>
         <subfield code="c">MAI</subfield>
         <subfield code="e">DC</subfield>
      </datafield>
      <datafield ind1=" " ind2="1" tag="906">
         <subfield code="a">EW</subfield>
      </datafield>
      <datafield ind1=" " ind2="1" tag="909">
         <subfield code="a">AMH</subfield>
      </datafield>
      <datafield ind1=" " ind2="1" tag="911">
         <subfield code="a">Ellis Waterhouse Library</subfield>
      </datafield>
      <datafield ind1=" " ind2=" " tag="921">
         <subfield code="a">b11201563</subfield>
         <subfield code="b">06-08-98</subfield>
         <subfield code="c">04-13-95</subfield>
         <subfield code="d">cc</subfield>
         <subfield code="e">  -  -  </subfield>
         <subfield code="f">a</subfield>
      </datafield>
      <datafield ind1=" " ind2=" " tag="935">
         <subfield code="a">accsubj</subfield>
      </datafield>
      <datafield ind1=" " ind2=" " tag="947">
         <subfield code="a">oclc mm 5/97</subfield>
      </datafield>
      <datafield ind1=" " ind2="1" tag="960">
         <subfield code="b">0</subfield>
      </datafield>
      <datafield ind1=" " ind2="1" tag="981">
         <subfield code="b">1</subfield>
         <subfield code="c">10/28/87 REC</subfield>
         <subfield code="d">MAIN</subfield>
         <subfield code="e">MAIN</subfield>
      </datafield>
      <datafield ind1=" " ind2=" " tag="995">
         <subfield code="a">87-B22957</subfield>
      </datafield>
      <datafield ind1=" " ind2=" " tag="998">
         <subfield code="s">9668</subfield>
         <subfield code="n">CMalG</subfield>
         <subfield code="l">CJPA</subfield>
      </datafield>
   </record>