
   <record>
      <leader>02016cam a2200397Ia 4500</leader>
      <controlfield tag="001">9922351580001551</controlfield>
      <controlfield tag="005">20130703171946.0</controlfield>
      <controlfield tag="008">871028r191u1820enk           000 0 eng d</controlfield>
      <datafield ind1=" " ind2=" " tag="035">
         <subfield code="a">(OCoLC)ocn183624248</subfield>
      </datafield>
      <datafield ind1=" " ind2=" " tag="035">
         <subfield code="9">87-B22970</subfield>
      </datafield>
      <datafield ind1=" " ind2=" " tag="035">
         <subfield code="a">(OCoLC)183624248</subfield>
      </datafield>
      <datafield ind1=" " ind2=" " tag="035">
         <subfield code="a">118667</subfield>
      </datafield>
      <datafield ind1=" " ind2=" " tag="035">
         <subfield code="a">(CMalG)118667-gettydb-Voyager</subfield>
      </datafield>
      <datafield ind1=" " ind2=" " tag="040">
         <subfield code="a">OKU</subfield>
         <subfield code="c">OKU</subfield>
         <subfield code="d">JPG</subfield>
      </datafield>
      <datafield ind1="1" ind2=" " tag="041">
         <subfield code="a">eng</subfield>
         <subfield code="h">grc</subfield>
         <subfield code="h">arc</subfield>
         <subfield code="h">lat</subfield>
      </datafield>
      <datafield ind1="0" ind2="4" tag="245">
         <subfield code="a">The apocryphal New Testament :</subfield>
         <subfield code="b">being all the gospels, epistles, and other pieces now extant attributed in the first four centuries to Jesus Christ, His apostles and their companions, and not included in the New Testament by its compilers : translated from the original tongues and now first collected into one volume.</subfield>
      </datafield>
      <datafield ind1=" " ind2=" " tag="250">
         <subfield code="a">[2nd ed.]</subfield>
      </datafield>
      <datafield ind1=" " ind2=" " tag="260">
         <subfield code="a">London :</subfield>
         <subfield code="b">Printed for William Hone,</subfield>
         <subfield code="c">1820</subfield>
         <subfield code="e">([London] :</subfield>
         <subfield code="f">New Temple Press,</subfield>
         <subfield code="g">[191-?])</subfield>
      </datafield>
      <datafield ind1=" " ind2=" " tag="300">
         <subfield code="a">xv, 271 p. ;</subfield>
         <subfield code="c">21 cm.</subfield>
      </datafield>
      <datafield ind1=" " ind2=" " tag="500">
         <subfield code="a">Reprint of William Hone's edition, first published 1820, which incorporated the translations of Jeremiah Jones for the apocryphal books and of Archbishop Wake for the Apostolic fathers. See M.R. James, The apocryphal New Testament.</subfield>
      </datafield>
      <datafield ind1=" " ind2=" " tag="504">
         <subfield code="a">"A list of all the apocryphal pieces not now extant, mentioned by writers in the first four centuries of Christ, with the several works wherein they are cited or noticed. By the Rev. Jeremiah Jones," p. 179-181.</subfield>
      </datafield>
      <datafield ind1=" " ind2=" " tag="504">
         <subfield code="a">"A list of the Christian authors of the first four centuries, whose writings contain catalogues of the books of the New Testament. By the Rev. Jeremiah Jones," p. 182-183.</subfield>
      </datafield>
      <datafield ind1=" " ind2="0" tag="650">
         <subfield code="a">Apocryphal books (New Testament)</subfield>
      </datafield>
      <datafield ind1="1" ind2=" " tag="700">
         <subfield code="a">Hone, William,</subfield>
         <subfield code="d">1780-1842.</subfield>
      </datafield>
      <datafield ind1="1" ind2=" " tag="700">
         <subfield code="a">Jones, Jeremiah,</subfield>
         <subfield code="d">1693-1724.</subfield>
      </datafield>
      <datafield ind1="1" ind2=" " tag="700">
         <subfield code="a">Wake, William,</subfield>
         <subfield code="d">1657-1737.</subfield>
      </datafield>
      <datafield ind1="4" ind2="1" tag="856">
         <subfield code="u">https://www.archive.org/details/apocryphalnewtes00hone_0</subfield>
         <subfield code="z">Getty Research Institute digitized version (Internet Archive)</subfield>
      </datafield>
      <datafield ind1=" " ind2="1" tag="905">
         <subfield code="a">1</subfield>
         <subfield code="b">10/28/87 MAT</subfield>
         <subfield code="c">MAI</subfield>
         <subfield code="e">DC</subfield>
      </datafield>
      <datafield ind1=" " ind2="1" tag="906">
         <subfield code="a">EW</subfield>
      </datafield>
      <datafield ind1=" " ind2="1" tag="909">
         <subfield code="a">AMH</subfield>
      </datafield>
      <datafield ind1=" " ind2="1" tag="911">
         <subfield code="a">Ellis Waterhouse Library</subfield>
      </datafield>
      <datafield ind1=" " ind2=" " tag="921">
         <subfield code="a">b1120171x</subfield>
         <subfield code="b">06-11-98</subfield>
         <subfield code="c">04-13-95</subfield>
         <subfield code="d">cc</subfield>
      </datafield>
      <datafield ind1=" " ind2=" " tag="935">
         <subfield code="a">accsubj</subfield>
      </datafield>
      <datafield ind1=" " ind2=" " tag="936">
         <subfield code="a">!dw</subfield>
      </datafield>
      <datafield ind1=" " ind2=" " tag="947">
         <subfield code="a">oclc mm 5/97</subfield>
      </datafield>
      <datafield ind1=" " ind2=" " tag="947">
         <subfield code="a">mm restored pre-match record 5/1998</subfield>
      </datafield>
      <datafield ind1=" " ind2=" " tag="948">
         <subfield code="a">4010899</subfield>
      </datafield>
      <datafield ind1=" " ind2="1" tag="981">
         <subfield code="b">1</subfield>
         <subfield code="c">10/28/87 REC</subfield>
         <subfield code="d">MAIN</subfield>
         <subfield code="e">MAIN</subfield>
      </datafield>
   </record>