
   <record>
      <leader>01973cam a2200553Ii 4500</leader>
      <controlfield tag="001">9923125560001551</controlfield>
      <controlfield tag="005">20150310103917.0</controlfield>
      <controlfield tag="008">901219s1871    po            000 0 por d</controlfield>
      <datafield ind1=" " ind2=" " tag="035">
         <subfield code="9">90-B39451</subfield>
      </datafield>
      <datafield ind1=" " ind2=" " tag="035">
         <subfield code="a">(OCoLC)83603477</subfield>
      </datafield>
      <datafield ind1=" " ind2=" " tag="035">
         <subfield code="a">175503</subfield>
      </datafield>
      <datafield ind1=" " ind2=" " tag="035">
         <subfield code="a">(CMalG)175503-gettydb-Voyager</subfield>
      </datafield>
      <datafield ind1=" " ind2=" " tag="035">
         <subfield code="a">(OCoLC)ocm83603477</subfield>
      </datafield>
      <datafield ind1=" " ind2=" " tag="040">
         <subfield code="a">CMalG</subfield>
         <subfield code="b">eng</subfield>
         <subfield code="e">rda</subfield>
         <subfield code="c">JPG</subfield>
         <subfield code="d">JPG</subfield>
      </datafield>
      <datafield ind1=" " ind2=" " tag="043">
         <subfield code="a">e-po---</subfield>
      </datafield>
      <datafield ind1=" " ind2=" " tag="049">
         <subfield code="a">JPGA</subfield>
      </datafield>
      <datafield ind1="1" ind2=" " tag="100">
         <subfield code="a">Vermell i Busquets, Lluís,</subfield>
         <subfield code="d">1814-1890,</subfield>
         <subfield code="e">author.</subfield>
      </datafield>
      <datafield ind1="1" ind2="0" tag="245">
         <subfield code="a">Descripção do Sanctuario e Romaria de Nossa Senhora do Porto d'Ave em 1869 :</subfield>
         <subfield code="b">fragmento das viagens de D. Luiz Vermell (o Peregrino Hespanhol) /</subfield>
         <subfield code="c">traduzida em presença do autor por M.J. de M.</subfield>
      </datafield>
      <datafield ind1=" " ind2="1" tag="264">
         <subfield code="a">Braga :</subfield>
         <subfield code="b">Typographia Luzitana,</subfield>
         <subfield code="c">1871.</subfield>
      </datafield>
      <datafield ind1=" " ind2=" " tag="300">
         <subfield code="a">28 pages, 1 unnumbered leaf of plates :</subfield>
         <subfield code="b">1 illustration ;</subfield>
         <subfield code="c">19 cm</subfield>
      </datafield>
      <datafield ind1=" " ind2=" " tag="336">
         <subfield code="a">text</subfield>
         <subfield code="b">txt</subfield>
         <subfield code="2">rdacontent</subfield>
      </datafield>
      <datafield ind1=" " ind2=" " tag="337">
         <subfield code="a">unmediated</subfield>
         <subfield code="b">n</subfield>
         <subfield code="2">rdamedia</subfield>
      </datafield>
      <datafield ind1=" " ind2=" " tag="338">
         <subfield code="a">volume</subfield>
         <subfield code="b">nc</subfield>
         <subfield code="2">rdacarrier</subfield>
      </datafield>
      <datafield ind1="2" ind2="0" tag="610">
         <subfield code="a">Santuário de Nossa Senhora do Porto de Ave (Porto de Ave, Portugal)</subfield>
      </datafield>
      <datafield ind1=" " ind2="0" tag="650">
         <subfield code="a">Christian shrines</subfield>
         <subfield code="z">Portugal</subfield>
         <subfield code="z">Porto de Ave.</subfield>
      </datafield>
      <datafield ind1=" " ind2="0" tag="650">
         <subfield code="a">Church architecture</subfield>
         <subfield code="z">Portugal</subfield>
         <subfield code="z">Porto de Ave.</subfield>
      </datafield>
      <datafield ind1=" " ind2="0" tag="651">
         <subfield code="a">Porto de Ave (Portugal)</subfield>
         <subfield code="x">Buildings, structures, etc.</subfield>
      </datafield>
      <datafield ind1=" " ind2="0" tag="651">
         <subfield code="a">Porto de Ave (Portugal)</subfield>
         <subfield code="x">Church history.</subfield>
      </datafield>
      <datafield ind1=" " ind2="7" tag="655">
         <subfield code="a">Etchings</subfield>
         <subfield code="z">Portugal</subfield>
         <subfield code="y">19th century.</subfield>
         <subfield code="2">aat</subfield>
      </datafield>
      <datafield ind1="1" ind2=" " tag="700">
         <subfield code="a">Mazedo, Manuel Joaquím,</subfield>
         <subfield code="e">translator.</subfield>
      </datafield>
      <datafield ind1=" " ind2=" " tag="752">
         <subfield code="a">Portugal</subfield>
         <subfield code="d">Braga.</subfield>
      </datafield>
      <datafield ind1="4" ind2="1" tag="856">
         <subfield code="u">https://www.archive.org/details/descripcaodosanc00verm_0</subfield>
         <subfield code="z">Getty Research Institute digitized version (Internet Archive)</subfield>
      </datafield>
      <datafield ind1=" " ind2="1" tag="905">
         <subfield code="a">1</subfield>
         <subfield code="b">12/19/90 BRG</subfield>
         <subfield code="c">MAI</subfield>
         <subfield code="e">DC</subfield>
      </datafield>
      <datafield ind1=" " ind2="2" tag="905">
         <subfield code="a">2</subfield>
         <subfield code="b">04/18/91 JEN</subfield>
         <subfield code="c">MAI</subfield>
         <subfield code="e">DC</subfield>
      </datafield>
      <datafield ind1=" " ind2="1" tag="906">
         <subfield code="a">CAPU</subfield>
      </datafield>
      <datafield ind1=" " ind2="2" tag="906">
         <subfield code="a">ARSLI</subfield>
      </datafield>
      <datafield ind1=" " ind2="1" tag="909">
         <subfield code="a">AMH</subfield>
      </datafield>
      <datafield ind1=" " ind2="2" tag="909">
         <subfield code="a">AMH</subfield>
      </datafield>
      <datafield ind1=" " ind2=" " tag="911">
         <subfield code="a">Capucho Collection</subfield>
         <subfield code="e">c.1</subfield>
      </datafield>
      <datafield ind1=" " ind2=" " tag="921">
         <subfield code="a">b11775063</subfield>
         <subfield code="b">06-08-98</subfield>
         <subfield code="c">04-16-95</subfield>
         <subfield code="d">sc</subfield>
         <subfield code="e">20150310</subfield>
         <subfield code="f">a</subfield>
      </datafield>
      <datafield ind1=" " ind2=" " tag="935">
         <subfield code="a">c</subfield>
      </datafield>
      <datafield ind1=" " ind2=" " tag="936">
         <subfield code="c">!blm</subfield>
      </datafield>
      <datafield ind1=" " ind2=" " tag="947">
         <subfield code="a">oclc mm 5/97</subfield>
      </datafield>
      <datafield ind1=" " ind2="1" tag="960">
         <subfield code="b">0</subfield>
      </datafield>
      <datafield ind1=" " ind2="2" tag="960">
         <subfield code="b">0</subfield>
      </datafield>
      <datafield ind1=" " ind2="1" tag="981">
         <subfield code="b">1</subfield>
         <subfield code="c">12/19/90 REC</subfield>
         <subfield code="d">MAIN</subfield>
         <subfield code="e">MAIN</subfield>
      </datafield>
      <datafield ind1=" " ind2="2" tag="981">
         <subfield code="b">1</subfield>
         <subfield code="c">04/18/91 REC</subfield>
         <subfield code="d">MAIN</subfield>
         <subfield code="e">MAIN</subfield>
      </datafield>
      <datafield ind1=" " ind2=" " tag="994">
         <subfield code="a">C0</subfield>
         <subfield code="b">JPG</subfield>
      </datafield>
      <datafield ind1=" " ind2=" " tag="995">
         <subfield code="a">90-B39451</subfield>
      </datafield>
      <datafield ind1=" " ind2=" " tag="998">
         <subfield code="s">9668</subfield>
         <subfield code="n">CMalG</subfield>
         <subfield code="l">CJPA</subfield>
      </datafield>
   </record>