
   <record>
      <leader>02085cam a2200505 a 4504</leader>
      <controlfield tag="001">9923298550001551</controlfield>
      <controlfield tag="005">20130703155341.0</controlfield>
      <controlfield tag="008">860203s1670    ne af         000 0 dut d</controlfield>
      <datafield ind1=" " ind2=" " tag="035">
         <subfield code="9">86-B2124</subfield>
      </datafield>
      <datafield ind1=" " ind2=" " tag="035">
         <subfield code="a">(OCoLC)78344547</subfield>
      </datafield>
      <datafield ind1=" " ind2=" " tag="035">
         <subfield code="a">88616</subfield>
      </datafield>
      <datafield ind1=" " ind2=" " tag="035">
         <subfield code="a">(CMalG)88616-gettydb-Voyager</subfield>
      </datafield>
      <datafield ind1=" " ind2=" " tag="040">
         <subfield code="a">CMalG</subfield>
         <subfield code="c">CMalG</subfield>
         <subfield code="e">dcrb</subfield>
      </datafield>
      <datafield ind1=" " ind2=" " tag="090">
         <subfield code="a">ND2125</subfield>
         <subfield code="b">.G67 1670</subfield>
      </datafield>
      <datafield ind1="1" ind2=" " tag="100">
         <subfield code="a">Goeree, Willem,</subfield>
         <subfield code="d">1635-1711.</subfield>
      </datafield>
      <datafield ind1="1" ind2="0" tag="245">
         <subfield code="a">Verlichterie-kunde, of recht gebruyck der water-verwen :</subfield>
         <subfield code="b">in welcke des selfs dennis, en volkomen gebruyck tot de schilder-kunde, ende de illuminatie ofte verlichterie noodigh zijnde, kortelijck werden geleert : eertijts uytgegeven dor den voortreffelijcken verlichter Mr. Geerard ter Brugge ... /</subfield>
         <subfield code="c">door W. Goeree.</subfield>
      </datafield>
      <datafield ind1=" " ind2=" " tag="250">
         <subfield code="a">Den tweeden druck.</subfield>
      </datafield>
      <datafield ind1=" " ind2=" " tag="260">
         <subfield code="a">Tot Middelburgh :</subfield>
         <subfield code="b">By Wilhelmus Goeree ...,</subfield>
         <subfield code="c">1670.</subfield>
      </datafield>
      <datafield ind1=" " ind2=" " tag="300">
         <subfield code="a">[16], 42, 58 p., [1] leaf of plates :</subfield>
         <subfield code="b">ill. ;</subfield>
         <subfield code="c">16 cm. (8vo)</subfield>
      </datafield>
      <datafield ind1=" " ind2=" " tag="500">
         <subfield code="a">Signatures: A-G⁸ H².</subfield>
      </datafield>
      <datafield ind1=" " ind2=" " tag="500">
         <subfield code="a">Added engraved title-page; etched plate.</subfield>
      </datafield>
      <datafield ind1=" " ind2=" " tag="590">
         <subfield code="a">Library's c. 1 bound in old vellum; former owner's inscriptions on engraved title-page verso, and on title-page.</subfield>
      </datafield>
      <datafield ind1=" " ind2=" " tag="590">
         <subfield code="a">Library's c. 2 bound with: Tractaet in wat manieren men op root koper snijden ofte etzen zal ... / in't Fransch beschreven door A. Bosse. t'Amsterdam : By Jacob van Meurs ... , anno 1662. (86-B25977)</subfield>
      </datafield>
      <datafield ind1=" " ind2="0" tag="650">
         <subfield code="a">Watercolor painting</subfield>
         <subfield code="v">Early works to 1800.</subfield>
      </datafield>
      <datafield ind1="4" ind2="1" tag="856">
         <subfield code="u">https://www.archive.org/details/verlichteriekund00goer_0</subfield>
         <subfield code="z">Getty Research Institute digitized version (Internet Archive)</subfield>
      </datafield>
      <datafield ind1=" " ind2="1" tag="905">
         <subfield code="a">1</subfield>
         <subfield code="b">02/03/86 JJR</subfield>
         <subfield code="c">MAI</subfield>
         <subfield code="e">UO</subfield>
      </datafield>
      <datafield ind1=" " ind2="2" tag="905">
         <subfield code="a">2</subfield>
         <subfield code="b">11/20/86 KJI</subfield>
         <subfield code="c">MAI</subfield>
         <subfield code="e">DC</subfield>
      </datafield>
      <datafield ind1=" " ind2="1" tag="906">
         <subfield code="b">B. &amp; L. Rootenberg</subfield>
         <subfield code="c">P.O. Box 5049</subfield>
         <subfield code="d">Sherman Oaks, CA 91403</subfield>
      </datafield>
      <datafield ind1=" " ind2="2" tag="906">
         <subfield code="a">MIDL</subfield>
      </datafield>
      <datafield ind1=" " ind2="1" tag="907">
         <subfield code="b">LCON02</subfield>
         <subfield code="d">650.00</subfield>
      </datafield>
      <datafield ind1=" " ind2="1" tag="908">
         <subfield code="a">pr/650.00,inv#2012,invd860207,inrd860218</subfield>
      </datafield>
      <datafield ind1=" " ind2="1" tag="909">
         <subfield code="a">ER</subfield>
      </datafield>
      <datafield ind1=" " ind2="2" tag="909">
         <subfield code="a">AMH</subfield>
      </datafield>
      <datafield ind1=" " ind2="2" tag="911">
         <subfield code="a">Middeldorf Library</subfield>
      </datafield>
      <datafield ind1=" " ind2=" " tag="921">
         <subfield code="a">b10897999</subfield>
         <subfield code="b">06-28-99</subfield>
         <subfield code="c">04-12-95</subfield>
         <subfield code="d">sc</subfield>
         <subfield code="e">20030819</subfield>
         <subfield code="f">a</subfield>
      </datafield>
      <datafield ind1=" " ind2=" " tag="935">
         <subfield code="a">c</subfield>
      </datafield>
      <datafield ind1=" " ind2=" " tag="936">
         <subfield code="c">!jes</subfield>
      </datafield>
      <datafield ind1=" " ind2="2" tag="941">
         <subfield code="a">Bound with 86-B25977</subfield>
      </datafield>
      <datafield ind1=" " ind2=" " tag="947">
         <subfield code="a">oclc mm 5/97</subfield>
      </datafield>
      <datafield ind1=" " ind2=" " tag="947">
         <subfield code="a">Marcadia 990429c</subfield>
      </datafield>
      <datafield ind1=" " ind2=" " tag="948">
         <subfield code="b">!dw</subfield>
      </datafield>
      <datafield ind1=" " ind2="1" tag="960">
         <subfield code="b">0</subfield>
      </datafield>
      <datafield ind1=" " ind2="2" tag="960">
         <subfield code="b">0</subfield>
      </datafield>
      <datafield ind1=" " ind2="1" tag="981">
         <subfield code="b">1</subfield>
         <subfield code="c">02/18/86 REC</subfield>
         <subfield code="d">MAIN</subfield>
         <subfield code="e">MAIN</subfield>
         <subfield code="i">02/03/86 ORD</subfield>
      </datafield>
      <datafield ind1=" " ind2="2" tag="981">
         <subfield code="b">1</subfield>
         <subfield code="c">11/20/86 REC</subfield>
         <subfield code="d">MAIN</subfield>
         <subfield code="e">MAIN</subfield>
      </datafield>
      <datafield ind1=" " ind2=" " tag="995">
         <subfield code="a">86-B02124</subfield>
      </datafield>
      <datafield ind1=" " ind2=" " tag="998">
         <subfield code="s">9668</subfield>
         <subfield code="n">CMalG</subfield>
         <subfield code="l">CJPA</subfield>
      </datafield>
   </record>