
   <record>
      <leader>01927cam a2200577I  4500</leader>
      <controlfield tag="001">9923881580001551</controlfield>
      <controlfield tag="005">20150319083823.0</controlfield>
      <controlfield tag="008">740121s1854    fr            000 0 fre d</controlfield>
      <datafield ind1=" " ind2=" " tag="035">
         <subfield code="9">84-B742</subfield>
      </datafield>
      <datafield ind1=" " ind2=" " tag="035">
         <subfield code="a">(CStRLIN)CJPA84-B742</subfield>
      </datafield>
      <datafield ind1=" " ind2=" " tag="035">
         <subfield code="a">(OCoLC)779673</subfield>
      </datafield>
      <datafield ind1=" " ind2=" " tag="035">
         <subfield code="a">45031</subfield>
      </datafield>
      <datafield ind1=" " ind2=" " tag="035">
         <subfield code="a">(CMalG)45031-gettydb-Voyager</subfield>
      </datafield>
      <datafield ind1=" " ind2=" " tag="035">
         <subfield code="a">(OCoLC)ocm00779673</subfield>
      </datafield>
      <datafield ind1=" " ind2=" " tag="040">
         <subfield code="a">VTU</subfield>
         <subfield code="b">eng</subfield>
         <subfield code="c">VTU</subfield>
         <subfield code="d">NLGGC</subfield>
         <subfield code="d">OCLCG</subfield>
         <subfield code="d">FXM</subfield>
         <subfield code="d">KRTAS</subfield>
         <subfield code="d">OCLCA</subfield>
         <subfield code="d">OCLCQ</subfield>
         <subfield code="d">OCLCO</subfield>
         <subfield code="d">OCLCQ</subfield>
         <subfield code="d">OCLCA</subfield>
         <subfield code="d">OCLCQ</subfield>
         <subfield code="d">OCLCO</subfield>
      </datafield>
      <datafield ind1=" " ind2=" " tag="043">
         <subfield code="a">e-be---</subfield>
      </datafield>
      <datafield ind1=" " ind2=" " tag="049">
         <subfield code="a">JPGA</subfield>
      </datafield>
      <datafield ind1=" " ind2="4" tag="050">
         <subfield code="a">ND673.R9</subfield>
         <subfield code="b">M72 1854</subfield>
      </datafield>
      <datafield ind1="1" ind2=" " tag="100">
         <subfield code="a">Michiels, Alfred,</subfield>
         <subfield code="d">1813-1892.</subfield>
      </datafield>
      <datafield ind1="1" ind2="0" tag="245">
         <subfield code="a">Rubens et l'ećole d'Anvers,</subfield>
         <subfield code="c">par Alfred Michiels.</subfield>
      </datafield>
      <datafield ind1=" " ind2=" " tag="260">
         <subfield code="a">Paris,</subfield>
         <subfield code="b">A. Delahays,</subfield>
         <subfield code="c">1854.</subfield>
      </datafield>
      <datafield ind1=" " ind2=" " tag="300">
         <subfield code="a">iv, 576 pages</subfield>
         <subfield code="c">23 cm</subfield>
      </datafield>
      <datafield ind1=" " ind2=" " tag="336">
         <subfield code="a">text</subfield>
         <subfield code="b">txt</subfield>
         <subfield code="2">rdacontent</subfield>
      </datafield>
      <datafield ind1=" " ind2=" " tag="337">
         <subfield code="a">unmediated</subfield>
         <subfield code="b">n</subfield>
         <subfield code="2">rdamedia</subfield>
      </datafield>
      <datafield ind1=" " ind2=" " tag="338">
         <subfield code="a">volume</subfield>
         <subfield code="b">nc</subfield>
         <subfield code="2">rdacarrier</subfield>
      </datafield>
      <datafield ind1="1" ind2="0" tag="600">
         <subfield code="a">Rubens, Peter Paul,</subfield>
         <subfield code="d">1577-1640.</subfield>
      </datafield>
      <datafield ind1="1" ind2="0" tag="600">
         <subfield code="a">Van Dyck, Anthony,</subfield>
         <subfield code="c">Sir,</subfield>
         <subfield code="d">1599-1641.</subfield>
      </datafield>
      <datafield ind1="1" ind2="0" tag="600">
         <subfield code="a">Jordaens, Jacob,</subfield>
         <subfield code="d">1593-1678.</subfield>
      </datafield>
      <datafield ind1="1" ind2="0" tag="600">
         <subfield code="a">Quellinus, Erasmus,</subfield>
         <subfield code="c">II,</subfield>
         <subfield code="d">1607-1678.</subfield>
      </datafield>
      <datafield ind1="1" ind2="0" tag="600">
         <subfield code="a">Teniers, Abraham,</subfield>
         <subfield code="d">1629-1670.</subfield>
      </datafield>
      <datafield ind1="1" ind2="0" tag="600">
         <subfield code="a">Teniers, David,</subfield>
         <subfield code="d">1582-1649.</subfield>
      </datafield>
      <datafield ind1="1" ind2="0" tag="600">
         <subfield code="a">Teniers, David,</subfield>
         <subfield code="d">1610-1690.</subfield>
      </datafield>
      <datafield ind1="1" ind2="0" tag="600">
         <subfield code="a">Snyders, Frans,</subfield>
         <subfield code="d">1579-1657.</subfield>
      </datafield>
      <datafield ind1=" " ind2="0" tag="650">
         <subfield code="a">Painters</subfield>
         <subfield code="z">Belgium.</subfield>
      </datafield>
      <datafield ind1=" " ind2="0" tag="650">
         <subfield code="a">Painting, Flemish</subfield>
         <subfield code="y">17th century.</subfield>
      </datafield>
      <datafield ind1="1" ind2="7" tag="650">
         <subfield code="a">Schilderkunst.</subfield>
         <subfield code="2">gtt</subfield>
      </datafield>
      <datafield ind1="1" ind2="7" tag="650">
         <subfield code="a">Tijdgenoten.</subfield>
         <subfield code="2">gtt</subfield>
      </datafield>
      <datafield ind1="1" ind2="7" tag="650">
         <subfield code="a">Leerlingen.</subfield>
         <subfield code="2">gtt</subfield>
      </datafield>
      <datafield ind1="1" ind2=" " tag="700">
         <subfield code="a">Rubens,</subfield>
         <subfield code="c">Sir Peter Paul,</subfield>
         <subfield code="d">1577-1640.</subfield>
      </datafield>
      <datafield ind1="0" ind2="8" tag="776">
         <subfield code="i">Online version:</subfield>
         <subfield code="a">Michiels, Alfred, 1813-1892.</subfield>
         <subfield code="t">Rubens et l'ećole d'Anvers.</subfield>
         <subfield code="d">Paris, A. Delahays, 1854</subfield>
         <subfield code="w">(OCoLC)657116602</subfield>
      </datafield>
      <datafield ind1="4" ind2="1" tag="856">
         <subfield code="u">https://www.archive.org/details/rubensetlecoleda00mich</subfield>
         <subfield code="z">Getty Research Institute digitized version (Internet Archive)</subfield>
      </datafield>
      <datafield ind1=" " ind2="1" tag="905">
         <subfield code="a">1</subfield>
         <subfield code="b">01/12/84 BRG</subfield>
         <subfield code="c">MAI</subfield>
         <subfield code="e">DC</subfield>
      </datafield>
      <datafield ind1=" " ind2="1" tag="906">
         <subfield code="b">Picard</subfield>
         <subfield code="c">?</subfield>
      </datafield>
      <datafield ind1=" " ind2="1" tag="907">
         <subfield code="d">F50</subfield>
      </datafield>
      <datafield ind1=" " ind2="1" tag="909">
         <subfield code="a">BBF</subfield>
      </datafield>
      <datafield ind1=" " ind2=" " tag="921">
         <subfield code="a">b1045603x</subfield>
         <subfield code="b">06-09-98</subfield>
         <subfield code="c">04-11-95</subfield>
         <subfield code="d">cc</subfield>
         <subfield code="e">-  -</subfield>
         <subfield code="f">a</subfield>
      </datafield>
      <datafield ind1=" " ind2=" " tag="935">
         <subfield code="a">cfull</subfield>
      </datafield>
      <datafield ind1=" " ind2=" " tag="947">
         <subfield code="a">oclc mm 5/97</subfield>
      </datafield>
      <datafield ind1=" " ind2=" " tag="948">
         <subfield code="a">779673</subfield>
      </datafield>
      <datafield ind1=" " ind2="1" tag="981">
         <subfield code="b">1</subfield>
         <subfield code="c">01/12/84 REC</subfield>
         <subfield code="d">MAIN</subfield>
         <subfield code="e">MAIN</subfield>
      </datafield>
      <datafield ind1=" " ind2=" " tag="994">
         <subfield code="a">C0</subfield>
         <subfield code="b">JPG</subfield>
      </datafield>
      <datafield ind1=" " ind2=" " tag="995">
         <subfield code="a">84-B00742</subfield>
      </datafield>
   </record>