
   <record>
      <leader>02638cam a2200637Ia 4500</leader>
      <controlfield tag="001">9923910960001551</controlfield>
      <controlfield tag="005">20150219133417.0</controlfield>
      <controlfield tag="008">820522m18861887fr a          001 0 fre d</controlfield>
      <datafield ind1=" " ind2=" " tag="035">
         <subfield code="9">84-B759</subfield>
      </datafield>
      <datafield ind1=" " ind2=" " tag="035">
         <subfield code="a">(CStRLIN)CJPA84-B759</subfield>
      </datafield>
      <datafield ind1=" " ind2=" " tag="035">
         <subfield code="a">(OCoLC)8454009</subfield>
      </datafield>
      <datafield ind1=" " ind2=" " tag="035">
         <subfield code="a">45213</subfield>
      </datafield>
      <datafield ind1=" " ind2=" " tag="035">
         <subfield code="a">(CMalG)45213-gettydb-Voyager</subfield>
      </datafield>
      <datafield ind1=" " ind2=" " tag="035">
         <subfield code="a">(OCoLC)ocm08454009</subfield>
      </datafield>
      <datafield ind1=" " ind2=" " tag="040">
         <subfield code="a">PLF</subfield>
         <subfield code="b">eng</subfield>
         <subfield code="e">dcrmb</subfield>
         <subfield code="c">PLF</subfield>
         <subfield code="d">NLGGC</subfield>
         <subfield code="d">JPG</subfield>
         <subfield code="d">OCLCG</subfield>
         <subfield code="d">ZWZ</subfield>
         <subfield code="d">AMAZN</subfield>
         <subfield code="d">GEBAY</subfield>
         <subfield code="d">OCLCQ</subfield>
         <subfield code="d">OCLCF</subfield>
         <subfield code="d">OCLCO</subfield>
         <subfield code="d">OCLCQ</subfield>
         <subfield code="d">UIU</subfield>
      </datafield>
      <datafield ind1=" " ind2=" " tag="049">
         <subfield code="a">JPGA</subfield>
      </datafield>
      <datafield ind1=" " ind2="4" tag="050">
         <subfield code="a">NE820</subfield>
         <subfield code="b">.D87 1886</subfield>
      </datafield>
      <datafield ind1="1" ind2=" " tag="100">
         <subfield code="a">Duplessis, Georges,</subfield>
         <subfield code="d">1834-1899.</subfield>
      </datafield>
      <datafield ind1="1" ind2="0" tag="245">
         <subfield code="a">Dictionnaire des marques et monogrammes de graveurs /</subfield>
         <subfield code="c">par Georges Duplessis, conservatuer du Département des Estampes à la Bibliothèque nationale, et Henri Bouchot, archiviste, sous-bibliothécaire au même Département.</subfield>
      </datafield>
      <datafield ind1="3" ind2="0" tag="246">
         <subfield code="a">Marques et monogrammes de graveurs</subfield>
      </datafield>
      <datafield ind1=" " ind2=" " tag="260">
         <subfield code="a">Paris :</subfield>
         <subfield code="b">Librairie de l'art, Jules Rouam, éditeur, 29, cité d'Antin,</subfield>
         <subfield code="c">1886-1887</subfield>
         <subfield code="e">(Paris :</subfield>
         <subfield code="f">Imprimerie de l'art, E. Ménard et J. Augry, 41, rue de la Victoire)</subfield>
      </datafield>
      <datafield ind1=" " ind2=" " tag="300">
         <subfield code="a">3 v. :</subfield>
         <subfield code="b">ill. ;</subfield>
         <subfield code="c">18 cm</subfield>
      </datafield>
      <datafield ind1=" " ind2=" " tag="336">
         <subfield code="a">text</subfield>
         <subfield code="b">txt</subfield>
         <subfield code="2">rdacontent</subfield>
      </datafield>
      <datafield ind1=" " ind2=" " tag="337">
         <subfield code="a">unmediated</subfield>
         <subfield code="b">n</subfield>
         <subfield code="2">rdamedia</subfield>
      </datafield>
      <datafield ind1=" " ind2=" " tag="338">
         <subfield code="a">volume</subfield>
         <subfield code="b">nc</subfield>
         <subfield code="2">rdacarrier</subfield>
      </datafield>
      <datafield ind1="1" ind2=" " tag="490">
         <subfield code="a">Guides du collectionneur</subfield>
      </datafield>
      <datafield ind1=" " ind2=" " tag="500">
         <subfield code="a">Paged continuously.</subfield>
      </datafield>
      <datafield ind1=" " ind2=" " tag="500">
         <subfield code="a">Includes index.</subfield>
      </datafield>
      <datafield ind1="0" ind2=" " tag="505">
         <subfield code="a">v. 1. A-F -- v. 2. G-O -- v. 3. P-Z.</subfield>
      </datafield>
      <datafield ind1=" " ind2="0" tag="650">
         <subfield code="a">Engravers' marks</subfield>
         <subfield code="v">Dictionaries.</subfield>
      </datafield>
      <datafield ind1=" " ind2="0" tag="650">
         <subfield code="a">Monograms</subfield>
         <subfield code="v">Dictionaries.</subfield>
      </datafield>
      <datafield ind1=" " ind2="7" tag="650">
         <subfield code="a">Engravers' marks.</subfield>
         <subfield code="2">fast</subfield>
         <subfield code="0">(OCoLC)fst00912442</subfield>
      </datafield>
      <datafield ind1="1" ind2="7" tag="650">
         <subfield code="a">Grafische kunst.</subfield>
         <subfield code="2">gtt</subfield>
      </datafield>
      <datafield ind1="1" ind2="7" tag="650">
         <subfield code="a">Merken.</subfield>
         <subfield code="2">gtt</subfield>
      </datafield>
      <datafield ind1="1" ind2="7" tag="650">
         <subfield code="a">Monogrammen.</subfield>
         <subfield code="2">gtt</subfield>
      </datafield>
      <datafield ind1="0" ind2="7" tag="650">
         <subfield code="a">Graphiker.</subfield>
         <subfield code="2">swd</subfield>
      </datafield>
      <datafield ind1="0" ind2="7" tag="650">
         <subfield code="a">Monogramm.</subfield>
         <subfield code="2">swd</subfield>
      </datafield>
      <datafield ind1="1" ind2=" " tag="700">
         <subfield code="a">Bouchot, Henri,</subfield>
         <subfield code="d">1849-1906.</subfield>
      </datafield>
      <datafield ind1="0" ind2="8" tag="776">
         <subfield code="i">Online version:</subfield>
         <subfield code="a">Duplessis, Georges, 1834-1899.</subfield>
         <subfield code="t">Dictionnaire des marques et monogrammes de graveurs.</subfield>
         <subfield code="d">Paris, J. Rouam, 1886-87</subfield>
         <subfield code="w">(OCoLC)593502891</subfield>
      </datafield>
      <datafield ind1=" " ind2="0" tag="830">
         <subfield code="a">Guides du collectionneur.</subfield>
      </datafield>
      <datafield ind1="4" ind2="1" tag="856">
         <subfield code="u">https://www.archive.org/details/dictionnairedesm01dupl</subfield>
         <subfield code="z">Getty Research Institute digitized version (Internet Archive), v.1</subfield>
      </datafield>
      <datafield ind1="4" ind2="1" tag="856">
         <subfield code="u">https://www.archive.org/details/dictionnairedesm02dupl</subfield>
         <subfield code="z">Getty Research Institute digitized version (Internet Archive), v.2</subfield>
      </datafield>
      <datafield ind1="4" ind2="1" tag="856">
         <subfield code="u">https://www.archive.org/details/dictionnairedesm03dupl</subfield>
         <subfield code="z">Getty Research Institute digitized version (Internet Archive), v.3</subfield>
      </datafield>
      <datafield ind1=" " ind2="1" tag="905">
         <subfield code="a">1</subfield>
         <subfield code="b">01/12/84 AM</subfield>
         <subfield code="c">MAI</subfield>
         <subfield code="e">DC</subfield>
      </datafield>
      <datafield ind1=" " ind2="1" tag="906">
         <subfield code="b">Ars Artis</subfield>
         <subfield code="c">?</subfield>
      </datafield>
      <datafield ind1=" " ind2="1" tag="907">
         <subfield code="d">L60</subfield>
      </datafield>
      <datafield ind1=" " ind2="1" tag="909">
         <subfield code="a">BBF</subfield>
      </datafield>
      <datafield ind1=" " ind2=" " tag="921">
         <subfield code="a">b10457860</subfield>
         <subfield code="b">06-09-98</subfield>
         <subfield code="c">04-11-95</subfield>
         <subfield code="d">cc</subfield>
         <subfield code="e">-  -</subfield>
         <subfield code="f">a</subfield>
      </datafield>
      <datafield ind1=" " ind2=" " tag="935">
         <subfield code="a">cfull</subfield>
      </datafield>
      <datafield ind1=" " ind2="1" tag="942">
         <subfield code="b">41#6</subfield>
      </datafield>
      <datafield ind1=" " ind2=" " tag="947">
         <subfield code="a">oclc mm 5/97</subfield>
      </datafield>
      <datafield ind1=" " ind2=" " tag="948">
         <subfield code="a">8454009</subfield>
      </datafield>
      <datafield ind1=" " ind2="1" tag="981">
         <subfield code="b">1</subfield>
         <subfield code="c">01/12/84 REC</subfield>
         <subfield code="d">MAIN</subfield>
         <subfield code="e">MAIN</subfield>
         <subfield code="f">v.1</subfield>
      </datafield>
      <datafield ind1=" " ind2="1" tag="981">
         <subfield code="b">1</subfield>
         <subfield code="c">01/12/84 REC</subfield>
         <subfield code="d">MAIN</subfield>
         <subfield code="e">MAIN</subfield>
         <subfield code="f">v.2</subfield>
      </datafield>
      <datafield ind1=" " ind2="1" tag="981">
         <subfield code="b">1</subfield>
         <subfield code="c">01/12/84 REC</subfield>
         <subfield code="d">MAIN</subfield>
         <subfield code="e">MAIN</subfield>
         <subfield code="f">v.3</subfield>
      </datafield>
      <datafield ind1=" " ind2=" " tag="994">
         <subfield code="a">C0</subfield>
         <subfield code="b">JPG</subfield>
      </datafield>
      <datafield ind1=" " ind2=" " tag="995">
         <subfield code="a">84-B00759</subfield>
      </datafield>
   </record>