
   <record>
      <leader>01257cam a2200397 a 4504</leader>
      <controlfield tag="001">9923965540001551</controlfield>
      <controlfield tag="005">20130703183223.0</controlfield>
      <controlfield tag="008">900131s1885    nyu           000 0 eng d</controlfield>
      <datafield ind1=" " ind2=" " tag="035">
         <subfield code="9">90-B2875</subfield>
      </datafield>
      <datafield ind1=" " ind2=" " tag="035">
         <subfield code="a">164018</subfield>
      </datafield>
      <datafield ind1=" " ind2=" " tag="035">
         <subfield code="a">(OCoLC)3366788</subfield>
      </datafield>
      <datafield ind1=" " ind2=" " tag="035">
         <subfield code="a">(CMalG)164018-gettydb-Voyager</subfield>
      </datafield>
      <datafield ind1=" " ind2=" " tag="040">
         <subfield code="a">CMalG</subfield>
         <subfield code="c">CMalG</subfield>
      </datafield>
      <datafield ind1=" " ind2=" " tag="090">
         <subfield code="a">TA424</subfield>
         <subfield code="b">.B6 1885</subfield>
      </datafield>
      <datafield ind1="1" ind2=" " tag="100">
         <subfield code="a">Boulton, Samuel Bagster,</subfield>
         <subfield code="d">1830-1918.</subfield>
      </datafield>
      <datafield ind1="1" ind2="4" tag="245">
         <subfield code="a">The preservation of timber by the use of antiseptics /</subfield>
         <subfield code="c">by Samuel Bagster Boulton.</subfield>
      </datafield>
      <datafield ind1=" " ind2=" " tag="260">
         <subfield code="a">New York :</subfield>
         <subfield code="b">D. Van Nostrand,</subfield>
         <subfield code="c">1885.</subfield>
      </datafield>
      <datafield ind1=" " ind2=" " tag="300">
         <subfield code="a">223 p. ;</subfield>
         <subfield code="c">15 cm.</subfield>
      </datafield>
      <datafield ind1=" " ind2="0" tag="440">
         <subfield code="a">Van Nostrand's science series ;</subfield>
         <subfield code="v">no. 82</subfield>
      </datafield>
      <datafield ind1=" " ind2=" " tag="500">
         <subfield code="a">"Reprinted from Van Nostrand's Magazine."</subfield>
      </datafield>
      <datafield ind1=" " ind2="0" tag="650">
         <subfield code="a">Wood</subfield>
         <subfield code="x">Preservation.</subfield>
      </datafield>
      <datafield ind1="0" ind2=" " tag="730">
         <subfield code="a">Van Nostrand's engineering magazine.</subfield>
      </datafield>
      <datafield ind1="4" ind2="1" tag="856">
         <subfield code="u">https://www.archive.org/details/preservationofti00boul_0</subfield>
         <subfield code="z">Getty Research Institute digitized version (Internet Archive)</subfield>
      </datafield>
      <datafield ind1=" " ind2="1" tag="905">
         <subfield code="a">1</subfield>
         <subfield code="b">01/31/90 RZ</subfield>
         <subfield code="c">MAI</subfield>
         <subfield code="e">DC</subfield>
      </datafield>
      <datafield ind1=" " ind2="1" tag="906">
         <subfield code="a">FRIN</subfield>
      </datafield>
      <datafield ind1=" " ind2="1" tag="909">
         <subfield code="a">SM</subfield>
      </datafield>
      <datafield ind1=" " ind2=" " tag="909">
         <subfield code="g">cica</subfield>
      </datafield>
      <datafield ind1=" " ind2="1" tag="911">
         <subfield code="a">Franklin Institute Library</subfield>
      </datafield>
      <datafield ind1=" " ind2=" " tag="921">
         <subfield code="a">b11659427</subfield>
         <subfield code="b">12-20-00</subfield>
         <subfield code="c">04-16-95</subfield>
         <subfield code="d">cc</subfield>
         <subfield code="e">01-01-95</subfield>
         <subfield code="f">a</subfield>
      </datafield>
      <datafield ind1=" " ind2=" " tag="935">
         <subfield code="a">c</subfield>
      </datafield>
      <datafield ind1=" " ind2=" " tag="950">
         <subfield code="l">CONS</subfield>
      </datafield>
      <datafield ind1=" " ind2=" " tag="955">
         <subfield code="c">1</subfield>
         <subfield code="q">90-B2875-1</subfield>
         <subfield code="q">conjan90</subfield>
         <subfield code="r">33125001423447</subfield>
         <subfield code="h">12/31/99 C</subfield>
      </datafield>
      <datafield ind1=" " ind2="1" tag="955">
         <subfield code="r">684874</subfield>
      </datafield>
      <datafield ind1=" " ind2="1" tag="960">
         <subfield code="b">0</subfield>
      </datafield>
      <datafield ind1=" " ind2="1" tag="981">
         <subfield code="b">1</subfield>
         <subfield code="c">08/30/94 CAT</subfield>
         <subfield code="d">CONS</subfield>
         <subfield code="e">CONS</subfield>
         <subfield code="i">01/31/90 REC</subfield>
      </datafield>
      <datafield ind1=" " ind2=" " tag="995">
         <subfield code="a">90-B02875</subfield>
      </datafield>
      <datafield ind1="0" ind2=" " tag="996">
         <subfield code="a">Conservation collection (Getty Research Institute)</subfield>
      </datafield>
      <datafield ind1=" " ind2=" " tag="998">
         <subfield code="s">9118</subfield>
         <subfield code="n">CMalG</subfield>
         <subfield code="c">MF </subfield>
         <subfield code="b">MF </subfield>
         <subfield code="l">CJPA</subfield>
      </datafield>
   </record>