
   <record>
      <leader>01396cam a2200397 a 4504</leader>
      <controlfield tag="001">9923973800001551</controlfield>
      <controlfield tag="005">20130704031029.0</controlfield>
      <controlfield tag="008">900502s1860    enkaef        000 0 eng  </controlfield>
      <datafield ind1=" " ind2=" " tag="010">
         <subfield code="a">10018051</subfield>
      </datafield>
      <datafield ind1=" " ind2=" " tag="035">
         <subfield code="9">90-B13484</subfield>
      </datafield>
      <datafield ind1=" " ind2=" " tag="035">
         <subfield code="a">246793</subfield>
      </datafield>
      <datafield ind1=" " ind2=" " tag="035">
         <subfield code="a">(OCoLC)3181987</subfield>
      </datafield>
      <datafield ind1=" " ind2=" " tag="035">
         <subfield code="a">(CMalG)246793-gettydb-Voyager</subfield>
      </datafield>
      <datafield ind1=" " ind2=" " tag="040">
         <subfield code="c">CarP</subfield>
         <subfield code="d">CMalG</subfield>
      </datafield>
      <datafield ind1="0" ind2=" " tag="050">
         <subfield code="a">TH146</subfield>
         <subfield code="b">.B8</subfield>
      </datafield>
      <datafield ind1=" " ind2=" " tag="090">
         <subfield code="a">TH4811</subfield>
         <subfield code="b">.B7 1860</subfield>
      </datafield>
      <datafield ind1="1" ind2=" " tag="100">
         <subfield code="a">Brooks, S. H.</subfield>
         <subfield code="q">(Samuel H.)</subfield>
      </datafield>
      <datafield ind1="1" ind2="0" tag="245">
         <subfield code="a">Rudimentary treatise on the erection of dwelling-houses, or, The builder's comprehensive director :</subfield>
         <subfield code="b">explained by a perspective view, plans, elevations, and sections of a pair of semi-detached villas ... /</subfield>
         <subfield code="c">by S.H. Brooks.</subfield>
      </datafield>
      <datafield ind1=" " ind2=" " tag="260">
         <subfield code="a">London :</subfield>
         <subfield code="b">J. Weale,</subfield>
         <subfield code="c">1860.</subfield>
      </datafield>
      <datafield ind1=" " ind2=" " tag="300">
         <subfield code="a">xx, 206 p., 27 leaves of plates :</subfield>
         <subfield code="b">ill., plans ;</subfield>
         <subfield code="c">18 cm.</subfield>
      </datafield>
      <datafield ind1="0" ind2=" " tag="490">
         <subfield code="a">Weale's scientific and mechanical works ;</subfield>
         <subfield code="v">132</subfield>
      </datafield>
      <datafield ind1=" " ind2="0" tag="650">
         <subfield code="a">House construction.</subfield>
      </datafield>
      <datafield ind1="0" ind2="1" tag="740">
         <subfield code="a">Builder's comprehensive director.</subfield>
      </datafield>
      <datafield ind1="4" ind2="1" tag="856">
         <subfield code="u">https://www.archive.org/details/rudimentarytreat00broo_2</subfield>
         <subfield code="z">Getty Research Institute digitized version (Internet Archive)</subfield>
      </datafield>
      <datafield ind1=" " ind2="1" tag="905">
         <subfield code="a">1</subfield>
         <subfield code="b">05/02/90 XXX</subfield>
         <subfield code="c">MAI</subfield>
         <subfield code="e">DC</subfield>
      </datafield>
      <datafield ind1=" " ind2="1" tag="906">
         <subfield code="a">FRIN</subfield>
      </datafield>
      <datafield ind1=" " ind2="1" tag="909">
         <subfield code="a">SM</subfield>
      </datafield>
      <datafield ind1=" " ind2=" " tag="909">
         <subfield code="g">cica</subfield>
      </datafield>
      <datafield ind1=" " ind2="1" tag="911">
         <subfield code="a">Franklin Institute Library</subfield>
      </datafield>
      <datafield ind1=" " ind2=" " tag="921">
         <subfield code="a">b12494173</subfield>
         <subfield code="b">12-20-00</subfield>
         <subfield code="c">04-18-95</subfield>
         <subfield code="d">cc</subfield>
         <subfield code="e">01-01-95</subfield>
         <subfield code="f">a</subfield>
      </datafield>
      <datafield ind1=" " ind2=" " tag="935">
         <subfield code="a">c</subfield>
      </datafield>
      <datafield ind1=" " ind2=" " tag="950">
         <subfield code="l">CONS</subfield>
      </datafield>
      <datafield ind1=" " ind2=" " tag="955">
         <subfield code="c">1</subfield>
         <subfield code="q">90-B13484-1</subfield>
         <subfield code="q">conmay90</subfield>
         <subfield code="r">33125001407564</subfield>
         <subfield code="i">01/12/94 C</subfield>
      </datafield>
      <datafield ind1=" " ind2="1" tag="960">
         <subfield code="b">0</subfield>
      </datafield>
      <datafield ind1=" " ind2="1" tag="981">
         <subfield code="b">1</subfield>
         <subfield code="c">01/11/94 CAT</subfield>
         <subfield code="d">CONS</subfield>
         <subfield code="e">CONS</subfield>
         <subfield code="i">05/02/90 REC</subfield>
      </datafield>
      <datafield ind1=" " ind2=" " tag="995">
         <subfield code="a">90-B13484</subfield>
      </datafield>
      <datafield ind1="0" ind2=" " tag="996">
         <subfield code="a">Conservation collection (Getty Research Institute)</subfield>
      </datafield>
      <datafield ind1=" " ind2=" " tag="998">
         <subfield code="s">9115</subfield>
         <subfield code="n">CMalG</subfield>
         <subfield code="c">MF </subfield>
         <subfield code="b">MF </subfield>
         <subfield code="l">CJPA</subfield>
      </datafield>
   </record>