
   <record>
      <leader>02622cam a2200625 a 4500</leader>
      <controlfield tag="001">9924270190001551</controlfield>
      <controlfield tag="005">20150312153252.0</controlfield>
      <controlfield tag="008">750331s1877    nyua     b    001 0 eng d</controlfield>
      <datafield ind1=" " ind2=" " tag="035">
         <subfield code="a">ocn228900448</subfield>
         <subfield code="6">ORIG</subfield>
      </datafield>
      <datafield ind1=" " ind2=" " tag="035">
         <subfield code="a">(OCoLC)42756</subfield>
      </datafield>
      <datafield ind1=" " ind2=" " tag="035">
         <subfield code="9">84-B522</subfield>
      </datafield>
      <datafield ind1=" " ind2=" " tag="035">
         <subfield code="a">(CStRLIN)CJPA84-B522</subfield>
      </datafield>
      <datafield ind1=" " ind2=" " tag="035">
         <subfield code="a">(OCoLC)228900448</subfield>
      </datafield>
      <datafield ind1=" " ind2=" " tag="035">
         <subfield code="z">603215</subfield>
      </datafield>
      <datafield ind1=" " ind2=" " tag="035">
         <subfield code="a">(CSmH).b11102809</subfield>
      </datafield>
      <datafield ind1=" " ind2=" " tag="035">
         <subfield code="a">(OCoLC)1245043</subfield>
      </datafield>
      <datafield ind1=" " ind2=" " tag="035">
         <subfield code="a">42756</subfield>
      </datafield>
      <datafield ind1=" " ind2=" " tag="035">
         <subfield code="a">(CMalG)42756-gettydb-Voyager</subfield>
      </datafield>
      <datafield ind1=" " ind2=" " tag="040">
         <subfield code="a">NN</subfield>
         <subfield code="e">dcrb</subfield>
         <subfield code="c">HUV</subfield>
      </datafield>
      <datafield ind1="0" ind2="0" tag="050">
         <subfield code="a">NK60</subfield>
         <subfield code="b">.N6 1877</subfield>
      </datafield>
      <datafield ind1=" " ind2=" " tag="099">
         <subfield code="a">603215</subfield>
      </datafield>
      <datafield ind1="1" ind2=" " tag="100">
         <subfield code="a">Nichols, George Ward,</subfield>
         <subfield code="d">1837-1885.</subfield>
      </datafield>
      <datafield ind1="1" ind2="0" tag="245">
         <subfield code="a">Art education applied to industry /</subfield>
         <subfield code="c">by George Ward Nichols ...</subfield>
      </datafield>
      <datafield ind1=" " ind2=" " tag="260">
         <subfield code="a">New York :</subfield>
         <subfield code="b">Harper &amp; Brothers, publishers, Franklin Square,</subfield>
         <subfield code="c">1877</subfield>
      </datafield>
      <datafield ind1=" " ind2=" " tag="300">
         <subfield code="a">211 , [1] p. :</subfield>
         <subfield code="b">ill. ;</subfield>
         <subfield code="c">24 cm</subfield>
      </datafield>
      <datafield ind1=" " ind2=" " tag="500">
         <subfield code="a">"With illustrations."</subfield>
      </datafield>
      <datafield ind1=" " ind2=" " tag="500">
         <subfield code="a">Frontispiece signed: J.H. Whitehouse, del.; R. Eunson, s.c</subfield>
      </datafield>
      <datafield ind1=" " ind2=" " tag="500">
         <subfield code="a">"Entered according to Act of Congress, in the year 1877, by Harper &amp; Brothers, in the Office of the Librarian of Congress at Washington"--T.p. verso</subfield>
      </datafield>
      <datafield ind1=" " ind2=" " tag="500">
         <subfield code="a">"The object of this book is to show the present need of art education in the United States; to relate something of its history in Europe; to explain what is meant by its application to industry; and to propose a method of instruction best adapted to our people and institutions"--Introduction, p. [9]</subfield>
      </datafield>
      <datafield ind1=" " ind2=" " tag="500">
         <subfield code="a">Bound in heavily colored and embossed red cloth; gilt edges</subfield>
      </datafield>
      <datafield ind1=" " ind2=" " tag="500">
         <subfield code="a">Copyright statement from t.p. verso</subfield>
      </datafield>
      <datafield ind1=" " ind2=" " tag="504">
         <subfield code="a">Includes bibliography (p. 203) and index</subfield>
      </datafield>
      <datafield ind1=" " ind2="0" tag="650">
         <subfield code="a">Decorative arts</subfield>
         <subfield code="x">Study and teaching.</subfield>
      </datafield>
      <datafield ind1=" " ind2="0" tag="650">
         <subfield code="a">Decorative arts</subfield>
         <subfield code="x">History.</subfield>
      </datafield>
      <datafield ind1=" " ind2="0" tag="650">
         <subfield code="a">Art</subfield>
         <subfield code="x">Study and teaching</subfield>
         <subfield code="z">United States.</subfield>
      </datafield>
      <datafield ind1=" " ind2="0" tag="650">
         <subfield code="a">Art</subfield>
         <subfield code="x">Study and teaching</subfield>
         <subfield code="z">Europe.</subfield>
      </datafield>
      <datafield ind1=" " ind2="0" tag="650">
         <subfield code="a">Education</subfield>
         <subfield code="z">United States</subfield>
         <subfield code="x">History</subfield>
         <subfield code="y">19th century.</subfield>
      </datafield>
      <datafield ind1=" " ind2="0" tag="650">
         <subfield code="a">Education</subfield>
         <subfield code="z">Europe</subfield>
         <subfield code="x">History</subfield>
         <subfield code="y">19th century.</subfield>
      </datafield>
      <datafield ind1=" " ind2="0" tag="650">
         <subfield code="a">Curriculum planning.</subfield>
      </datafield>
      <datafield ind1=" " ind2="7" tag="655">
         <subfield code="a">Publishers' cloth bindings (Binding)</subfield>
         <subfield code="z">United States</subfield>
         <subfield code="y">19th century.</subfield>
         <subfield code="2">rbbin</subfield>
      </datafield>
      <datafield ind1="1" ind2=" " tag="700">
         <subfield code="a">Whitehouse, J. H.</subfield>
         <subfield code="q">(James Horton),</subfield>
         <subfield code="d">1833-1902,</subfield>
         <subfield code="e">artist.</subfield>
      </datafield>
      <datafield ind1="1" ind2=" " tag="700">
         <subfield code="a">Eunson, R.,</subfield>
         <subfield code="e">ill.</subfield>
      </datafield>
      <datafield ind1="2" ind2=" " tag="710">
         <subfield code="a">Harper &amp; Brothers,</subfield>
         <subfield code="e">publisher.</subfield>
      </datafield>
      <datafield ind1="2" ind2=" " tag="710">
         <subfield code="a">Harper &amp; Brothers,</subfield>
         <subfield code="e">copyright holder.</subfield>
      </datafield>
      <datafield ind1=" " ind2=" " tag="752">
         <subfield code="a">United States</subfield>
         <subfield code="b">New York</subfield>
         <subfield code="d">New York</subfield>
      </datafield>
      <datafield ind1=" " ind2=" " tag="752">
         <subfield code="a">United States</subfield>
         <subfield code="d">Washington (D.C.)</subfield>
      </datafield>
      <datafield ind1="4" ind2="1" tag="856">
         <subfield code="u">https://www.archive.org/details/arteducationappl00nich_0</subfield>
         <subfield code="z">Getty Research Institute digitized version (Internet Archive)</subfield>
      </datafield>
      <datafield ind1=" " ind2="1" tag="905">
         <subfield code="a">1</subfield>
         <subfield code="b">01/11/84 JJR</subfield>
         <subfield code="c">MAI</subfield>
         <subfield code="e">DZ</subfield>
      </datafield>
      <datafield ind1=" " ind2="1" tag="906">
         <subfield code="a">SWZ</subfield>
      </datafield>
      <datafield ind1=" " ind2="1" tag="909">
         <subfield code="a">AMH</subfield>
      </datafield>
      <datafield ind1=" " ind2=" " tag="921">
         <subfield code="a">b10433090</subfield>
         <subfield code="b">06-09-98</subfield>
         <subfield code="c">04-11-95</subfield>
         <subfield code="d">cc</subfield>
         <subfield code="e">20150312</subfield>
         <subfield code="f">a</subfield>
      </datafield>
      <datafield ind1=" " ind2=" " tag="935">
         <subfield code="a">c</subfield>
      </datafield>
      <datafield ind1=" " ind2=" " tag="947">
         <subfield code="a">oclc mm 5/97</subfield>
      </datafield>
      <datafield ind1=" " ind2=" " tag="948">
         <subfield code="a">Marcadia 20091211</subfield>
      </datafield>
      <datafield ind1=" " ind2="1" tag="981">
         <subfield code="b">1</subfield>
         <subfield code="c">01/11/84 REC</subfield>
         <subfield code="d">MAIN</subfield>
         <subfield code="e">MAIN</subfield>
      </datafield>
      <datafield ind1=" " ind2=" " tag="995">
         <subfield code="a">84-B00522</subfield>
      </datafield>
   </record>