
   <record>
      <leader>01788cam a2200421u  4504</leader>
      <controlfield tag="001">9924598380001551</controlfield>
      <controlfield tag="005">20130703155534.0</controlfield>
      <controlfield tag="008">860922s1899    gw af    b    001 0 ger  </controlfield>
      <datafield ind1=" " ind2=" " tag="010">
         <subfield code="a">13013259</subfield>
      </datafield>
      <datafield ind1=" " ind2=" " tag="035">
         <subfield code="9">86-B22148</subfield>
      </datafield>
      <datafield ind1=" " ind2=" " tag="035">
         <subfield code="a">(OCoLC)34505965</subfield>
      </datafield>
      <datafield ind1=" " ind2=" " tag="035">
         <subfield code="a">89530</subfield>
      </datafield>
      <datafield ind1=" " ind2=" " tag="035">
         <subfield code="a">(CMalG)89530-gettydb-Voyager</subfield>
      </datafield>
      <datafield ind1=" " ind2=" " tag="040">
         <subfield code="c">ICA</subfield>
         <subfield code="d">ICA</subfield>
         <subfield code="d">NNC</subfield>
         <subfield code="d">CMalG</subfield>
      </datafield>
      <datafield ind1=" " ind2=" " tag="043">
         <subfield code="a">e-gx---</subfield>
      </datafield>
      <datafield ind1="0" ind2=" " tag="050">
         <subfield code="a">NK2050</subfield>
         <subfield code="b">.H5</subfield>
      </datafield>
      <datafield ind1=" " ind2=" " tag="090">
         <subfield code="a">NK2050</subfield>
         <subfield code="b">.H67</subfield>
      </datafield>
      <datafield ind1="1" ind2=" " tag="100">
         <subfield code="a">Hirth, Georg,</subfield>
         <subfield code="d">1841-1916.</subfield>
      </datafield>
      <datafield ind1="1" ind2="4" tag="245">
         <subfield code="a">Das deutsche Zimmer vom Mittelalter bis zur Gegenwart.</subfield>
      </datafield>
      <datafield ind1=" " ind2=" " tag="250">
         <subfield code="a">4.</subfield>
         <subfield code="b">unter Mitwirkung von Karl Rosner bis zur Gegenwart erweiterte Aufl.</subfield>
      </datafield>
      <datafield ind1=" " ind2=" " tag="260">
         <subfield code="a">München &amp; Leipzig,</subfield>
         <subfield code="b">G. Hirth</subfield>
         <subfield code="c">[1899]</subfield>
      </datafield>
      <datafield ind1=" " ind2=" " tag="300">
         <subfield code="a">2 v. in 1.</subfield>
         <subfield code="b">illus. (part col.) 20 pl.</subfield>
         <subfield code="c">31 cm.</subfield>
      </datafield>
      <datafield ind1=" " ind2=" " tag="500">
         <subfield code="a">Each volume has added special t.-p.</subfield>
      </datafield>
      <datafield ind1=" " ind2=" " tag="500">
         <subfield code="a">The earlier editions of Bd. 1 have title: Das deutsche Zimmer der Renaissance.</subfield>
      </datafield>
      <datafield ind1=" " ind2=" " tag="500">
         <subfield code="a">Band 1 includes bibliographical references and index.</subfield>
      </datafield>
      <datafield ind1="0" ind2=" " tag="505">
         <subfield code="a">1. Bd. Das deutsche Zimmer der Gothik und Renaissance, des Barock- Rococo- und Zopfstils; anregungen zu häuslicher Kunstpflege von Georg Hirth. 3d ed. 1886.--2. Bd. Das deutsche Zimmer im neunzehnten Jahrhundert; eine Darstellung desselben im Zeitalter des Klassicismus, der Biedermeieirzeit, der rückblickenden Bestrebungen und der neuen Kunst von Karl Rosner, mit einem Nachwort von Georg Hirth.</subfield>
      </datafield>
      <datafield ind1=" " ind2="0" tag="650">
         <subfield code="a">Interior decoration</subfield>
         <subfield code="z">Germany.</subfield>
      </datafield>
      <datafield ind1=" " ind2="0" tag="650">
         <subfield code="a">Furniture</subfield>
         <subfield code="z">Germany.</subfield>
      </datafield>
      <datafield ind1=" " ind2="0" tag="650">
         <subfield code="a">Decoration and ornament</subfield>
         <subfield code="z">Germany.</subfield>
      </datafield>
      <datafield ind1="1" ind2=" " tag="700">
         <subfield code="a">Rosner, Karl,</subfield>
         <subfield code="d">b. 1873.</subfield>
      </datafield>
      <datafield ind1="4" ind2="1" tag="856">
         <subfield code="u">https://www.archive.org/details/gri_33125002034128</subfield>
         <subfield code="z">Getty Research Institute digitized version (Internet Archive)</subfield>
      </datafield>
      <datafield ind1=" " ind2=" " tag="906">
         <subfield code="a">PV</subfield>
         <subfield code="e">c.2</subfield>
      </datafield>
      <datafield ind1=" " ind2=" " tag="911">
         <subfield code="a">Pevsner Collection</subfield>
         <subfield code="e">c.2</subfield>
      </datafield>
      <datafield ind1=" " ind2=" " tag="921">
         <subfield code="a">b10907294</subfield>
         <subfield code="b">02-20-97</subfield>
         <subfield code="c">04-12-95</subfield>
         <subfield code="d">cc</subfield>
         <subfield code="e">01-01-95</subfield>
         <subfield code="f">a</subfield>
      </datafield>
      <datafield ind1=" " ind2=" " tag="935">
         <subfield code="a">c</subfield>
      </datafield>
      <datafield ind1=" " ind2=" " tag="950">
         <subfield code="l">MAIN</subfield>
      </datafield>
      <datafield ind1=" " ind2=" " tag="955">
         <subfield code="c">1</subfield>
         <subfield code="h">09/23/87 C</subfield>
      </datafield>
      <datafield ind1=" " ind2=" " tag="955">
         <subfield code="c">2</subfield>
         <subfield code="r">1416599</subfield>
         <subfield code="u">SUPN PV</subfield>
         <subfield code="i">06/01/94 C</subfield>
      </datafield>
      <datafield ind1=" " ind2=" " tag="995">
         <subfield code="a">86-B22148</subfield>
      </datafield>
      <datafield ind1=" " ind2=" " tag="998">
         <subfield code="s">9924</subfield>
         <subfield code="n">CMalG</subfield>
         <subfield code="c">DVR</subfield>
         <subfield code="b">GCS</subfield>
         <subfield code="l">CJPA</subfield>
      </datafield>
   </record>