
   <record>
      <leader>01336cam a2200397 a 4504</leader>
      <controlfield tag="001">9924998440001551</controlfield>
      <controlfield tag="005">20130703184933.0</controlfield>
      <controlfield tag="008">900228s1887    enka          001 0 eng  </controlfield>
      <datafield ind1=" " ind2=" " tag="035">
         <subfield code="9">90-B5706</subfield>
      </datafield>
      <datafield ind1=" " ind2=" " tag="035">
         <subfield code="a">178004</subfield>
      </datafield>
      <datafield ind1=" " ind2=" " tag="035">
         <subfield code="a">(OCoLC)78087396</subfield>
      </datafield>
      <datafield ind1=" " ind2=" " tag="035">
         <subfield code="a">(CMalG)178004-gettydb-Voyager</subfield>
      </datafield>
      <datafield ind1=" " ind2=" " tag="040">
         <subfield code="a">CMalG</subfield>
         <subfield code="c">CMalG</subfield>
      </datafield>
      <datafield ind1=" " ind2=" " tag="090">
         <subfield code="a">TS670</subfield>
         <subfield code="b">.M55 1887</subfield>
      </datafield>
      <datafield ind1="1" ind2=" " tag="100">
         <subfield code="a">Millis, C. T.</subfield>
         <subfield code="q">(Charles Thomas)</subfield>
      </datafield>
      <datafield ind1="1" ind2="0" tag="245">
         <subfield code="a">Metal-plate work :</subfield>
         <subfield code="b">its patterns and their geometry, also, notes on metals, and rules in mensuration for the use of tin, iron, and zinc plate workers, coppersmiths, boiler-makers, and others /</subfield>
         <subfield code="c">by C.T. Millis.</subfield>
      </datafield>
      <datafield ind1=" " ind2=" " tag="260">
         <subfield code="a">London ;</subfield>
         <subfield code="a">New York :</subfield>
         <subfield code="b">E. &amp; F.N. Spon,</subfield>
         <subfield code="c">1887.</subfield>
      </datafield>
      <datafield ind1=" " ind2=" " tag="300">
         <subfield code="a">viii, 311 p. :</subfield>
         <subfield code="b">ill. ;</subfield>
         <subfield code="c">19 cm.</subfield>
      </datafield>
      <datafield ind1="0" ind2=" " tag="490">
         <subfield code="a">Finsbury technical manuals</subfield>
      </datafield>
      <datafield ind1=" " ind2=" " tag="500">
         <subfield code="a">Includes index.</subfield>
      </datafield>
      <datafield ind1=" " ind2="0" tag="650">
         <subfield code="a">Plating.</subfield>
      </datafield>
      <datafield ind1=" " ind2="0" tag="650">
         <subfield code="a">Metallurgy</subfield>
         <subfield code="x">Graphic methods.</subfield>
      </datafield>
      <datafield ind1="4" ind2="1" tag="856">
         <subfield code="u">https://www.archive.org/details/gri_33125000707493</subfield>
         <subfield code="z">Getty Research Institute digitized version (Internet Archive)</subfield>
      </datafield>
      <datafield ind1=" " ind2="1" tag="905">
         <subfield code="a">1</subfield>
         <subfield code="b">02/28/90 RZ</subfield>
         <subfield code="c">MAI</subfield>
         <subfield code="e">DC</subfield>
      </datafield>
      <datafield ind1=" " ind2="1" tag="906">
         <subfield code="a">FRIN</subfield>
      </datafield>
      <datafield ind1=" " ind2="1" tag="909">
         <subfield code="a">SM</subfield>
      </datafield>
      <datafield ind1=" " ind2=" " tag="909">
         <subfield code="g">cica</subfield>
      </datafield>
      <datafield ind1=" " ind2="1" tag="911">
         <subfield code="a">Franklin Institute Library</subfield>
      </datafield>
      <datafield ind1=" " ind2=" " tag="921">
         <subfield code="a">b11800355</subfield>
         <subfield code="b">12-20-00</subfield>
         <subfield code="c">04-16-95</subfield>
         <subfield code="d">cc</subfield>
         <subfield code="e">07-04-95</subfield>
         <subfield code="f">a</subfield>
      </datafield>
      <datafield ind1=" " ind2=" " tag="935">
         <subfield code="a">c</subfield>
      </datafield>
      <datafield ind1=" " ind2=" " tag="950">
         <subfield code="l">CONS</subfield>
      </datafield>
      <datafield ind1=" " ind2=" " tag="955">
         <subfield code="c">1</subfield>
         <subfield code="q">90-B5706-1</subfield>
         <subfield code="q">confeb90</subfield>
         <subfield code="r">707493</subfield>
         <subfield code="i">03/06/95 C</subfield>
      </datafield>
      <datafield ind1=" " ind2="1" tag="955">
         <subfield code="r">707493</subfield>
      </datafield>
      <datafield ind1=" " ind2="1" tag="960">
         <subfield code="b">0</subfield>
      </datafield>
      <datafield ind1=" " ind2="1" tag="981">
         <subfield code="b">1</subfield>
         <subfield code="c">02/28/95 CAT</subfield>
         <subfield code="d">CONS</subfield>
         <subfield code="e">CONS</subfield>
         <subfield code="i">02/28/90 REC</subfield>
      </datafield>
      <datafield ind1=" " ind2=" " tag="995">
         <subfield code="a">90-B05706</subfield>
      </datafield>
      <datafield ind1="0" ind2=" " tag="996">
         <subfield code="a">Conservation collection (Getty Research Institute)</subfield>
      </datafield>
      <datafield ind1=" " ind2=" " tag="998">
         <subfield code="s">9118</subfield>
         <subfield code="n">CMalG</subfield>
         <subfield code="c">SD</subfield>
         <subfield code="b">SD</subfield>
         <subfield code="l">CJPA</subfield>
      </datafield>
   </record>