
   <record>
      <leader>02653cam a2200529 a 4504</leader>
      <controlfield tag="001">9925550370001551</controlfield>
      <controlfield tag="005">20130703152611.0</controlfield>
      <controlfield tag="008">860507m17441745ne af         001 0 dut d</controlfield>
      <datafield ind1=" " ind2=" " tag="035">
         <subfield code="9">86-B10642</subfield>
      </datafield>
      <datafield ind1=" " ind2=" " tag="035">
         <subfield code="a">(OCoLC)84649479</subfield>
      </datafield>
      <datafield ind1=" " ind2=" " tag="035">
         <subfield code="a">77587</subfield>
      </datafield>
      <datafield ind1=" " ind2=" " tag="035">
         <subfield code="a">(CMalG)77587-gettydb-Voyager</subfield>
      </datafield>
      <datafield ind1=" " ind2=" " tag="040">
         <subfield code="a">NNC</subfield>
         <subfield code="c">CMalG</subfield>
         <subfield code="d">CMalG</subfield>
         <subfield code="e">dcrb</subfield>
      </datafield>
      <datafield ind1=" " ind2=" " tag="043">
         <subfield code="a">e-ne---</subfield>
      </datafield>
      <datafield ind1="1" ind2=" " tag="100">
         <subfield code="a">Le Comte, Florent,</subfield>
         <subfield code="d">d. 1712.</subfield>
      </datafield>
      <datafield ind1="1" ind2="0" tag="240">
         <subfield code="a">Cabinet des singularités d'architecture, peinture, sculpture et gravure.</subfield>
         <subfield code="l">Dutch</subfield>
      </datafield>
      <datafield ind1="1" ind2="4" tag="245">
         <subfield code="a">Het konst-cabinet der bouw-, schilder-, beeldhouw- en graveerkunde, of, Inleiding tot de kennis dier fraaije weetenschappen, vervat in de schilderyen, stand-beelden en prenten :</subfield>
         <subfield code="b">behelzende, behalven een beknopte leevensbeschryving der aloude schilders en beeldhouwers ... bennevens de catalogi hunner werken : verrykt met een verhandeling over het glas-schilderen, een vertoog over het etzen, en wat tot het leeren en oeffenen dier kundigbeid vereist word en andere weetenswaardige zaaken /</subfield>
         <subfield code="c">door Florentyn Le Comte, schilder en plaatsnyder ; na het Fransch gevolgt.</subfield>
      </datafield>
      <datafield ind1="3" ind2="0" tag="246">
         <subfield code="a">Inleiding tot de kennis dier fraaije weetenschappen, vervat in de schilderyen, stand-beelden en prenten</subfield>
      </datafield>
      <datafield ind1=" " ind2=" " tag="260">
         <subfield code="a">Te Utrecht :</subfield>
         <subfield code="b">By Arnoldus Lobedanius, boekverkooper,</subfield>
         <subfield code="c">1744-1745.</subfield>
      </datafield>
      <datafield ind1=" " ind2=" " tag="300">
         <subfield code="a">2 v.</subfield>
      </datafield>
      <datafield ind1=" " ind2=" " tag="500">
         <subfield code="a">First published in French (Paris, 1699-1700).</subfield>
      </datafield>
      <datafield ind1=" " ind2=" " tag="500">
         <subfield code="a">Vol. 1 has t.p. date 1745, v. 2 has 1744.</subfield>
      </datafield>
      <datafield ind1=" " ind2=" " tag="500">
         <subfield code="a">Each vol. has engraved frontispiece by Frans de Bakker. Engraved arms of dedicatee, *3r, v. 1, by C.V. Swinderen. Plates bear artists' monograms (the first signed by de Bakker).</subfield>
      </datafield>
      <datafield ind1=" " ind2=" " tag="500">
         <subfield code="a">Signatures, v. 1: *⁸ 2*⁴ A-2F* 2G*(-G8) -- v. 2: A-3A⁸.</subfield>
      </datafield>
      <datafield ind1=" " ind2=" " tag="500">
         <subfield code="a">Pagination, v. 1: [24], 275, [3] p., [3] leaves of plates -- v. 2: 751, [1] p. (the last blank), [2] leaves of plates.</subfield>
      </datafield>
      <datafield ind1=" " ind2=" " tag="500">
         <subfield code="a">Index and errata at end of each vol.</subfield>
      </datafield>
      <datafield ind1=" " ind2=" " tag="590">
         <subfield code="a">Bound in 2 vols. in modern marbled paper, quarter calfskin. Spines gilt tooled including author &amp; title.</subfield>
      </datafield>
      <datafield ind1=" " ind2="0" tag="650">
         <subfield code="a">Art</subfield>
         <subfield code="x">History.</subfield>
      </datafield>
      <datafield ind1=" " ind2="0" tag="650">
         <subfield code="a">Artists</subfield>
         <subfield code="v">Early works to 1800.</subfield>
      </datafield>
      <datafield ind1=" " ind2="7" tag="655">
         <subfield code="a">Engravings</subfield>
         <subfield code="z">Netherlands</subfield>
         <subfield code="y">18th century.</subfield>
         <subfield code="2">aat</subfield>
      </datafield>
      <datafield ind1="1" ind2=" " tag="700">
         <subfield code="a">Bakker, Frans de,</subfield>
         <subfield code="d">fl. 1736-1765.</subfield>
      </datafield>
      <datafield ind1="1" ind2=" " tag="700">
         <subfield code="a">Swinderen, C. V.</subfield>
      </datafield>
      <datafield ind1="1" ind2=" " tag="700">
         <subfield code="a">Lobedanius, Arnoldus.</subfield>
      </datafield>
      <datafield ind1=" " ind2=" " tag="752">
         <subfield code="a">Netherlands</subfield>
         <subfield code="d">Utrecht.</subfield>
      </datafield>
      <datafield ind1="4" ind2="1" tag="856">
         <subfield code="u">https://www.archive.org/details/gri_33125010842397</subfield>
         <subfield code="z">Getty Research Institute digitized version (Internet Archive)</subfield>
      </datafield>
      <datafield ind1=" " ind2="1" tag="905">
         <subfield code="a">1</subfield>
         <subfield code="b">05/07/86 BRG</subfield>
         <subfield code="c">MAI</subfield>
         <subfield code="e">DC</subfield>
      </datafield>
      <datafield ind1=" " ind2="1" tag="906">
         <subfield code="b">?</subfield>
         <subfield code="c">?</subfield>
      </datafield>
      <datafield ind1=" " ind2="1" tag="909">
         <subfield code="a">AMH</subfield>
      </datafield>
      <datafield ind1=" " ind2=" " tag="921">
         <subfield code="a">b10786739</subfield>
         <subfield code="b">06-18-99</subfield>
         <subfield code="c">04-12-95</subfield>
         <subfield code="d">sc</subfield>
         <subfield code="e">20060815</subfield>
      </datafield>
      <datafield ind1=" " ind2=" " tag="935">
         <subfield code="a">c</subfield>
      </datafield>
      <datafield ind1=" " ind2=" " tag="936">
         <subfield code="c">!dw</subfield>
      </datafield>
      <datafield ind1=" " ind2=" " tag="947">
         <subfield code="a">oclc mm 5/97</subfield>
      </datafield>
      <datafield ind1=" " ind2=" " tag="947">
         <subfield code="a">Marcadia 990429c</subfield>
      </datafield>
      <datafield ind1=" " ind2=" " tag="948">
         <subfield code="b">!dw</subfield>
      </datafield>
      <datafield ind1=" " ind2="1" tag="960">
         <subfield code="b">0</subfield>
      </datafield>
      <datafield ind1=" " ind2="1" tag="981">
         <subfield code="b">1</subfield>
         <subfield code="c">05/07/86 REC</subfield>
         <subfield code="d">MAIN</subfield>
         <subfield code="e">MAIN</subfield>
         <subfield code="f">v.1</subfield>
      </datafield>
      <datafield ind1=" " ind2="1" tag="981">
         <subfield code="b">1</subfield>
         <subfield code="c">05/07/86 REC</subfield>
         <subfield code="d">MAIN</subfield>
         <subfield code="e">MAIN</subfield>
         <subfield code="f">v.2</subfield>
      </datafield>
      <datafield ind1=" " ind2=" " tag="995">
         <subfield code="a">86-B10642</subfield>
      </datafield>
      <datafield ind1=" " ind2=" " tag="998">
         <subfield code="s">9668</subfield>
         <subfield code="n">CMalG</subfield>
         <subfield code="l">CJPA</subfield>
      </datafield>
   </record>