
   <record>
      <leader>01292cam a22003731i 4500</leader>
      <controlfield tag="001">9925630370001551</controlfield>
      <controlfield tag="005">20150319081945.0</controlfield>
      <controlfield tag="008">920422s1833    it            000 0 ita d</controlfield>
      <datafield ind1=" " ind2=" " tag="035">
         <subfield code="9">87-B25600</subfield>
      </datafield>
      <datafield ind1=" " ind2=" " tag="035">
         <subfield code="a">(CStRLIN)CJPA87-B25600</subfield>
      </datafield>
      <datafield ind1=" " ind2=" " tag="035">
         <subfield code="a">(OCoLC)192134792</subfield>
      </datafield>
      <datafield ind1=" " ind2=" " tag="035">
         <subfield code="a">121459</subfield>
      </datafield>
      <datafield ind1=" " ind2=" " tag="035">
         <subfield code="a">(CMalG)121459-gettydb-Voyager</subfield>
      </datafield>
      <datafield ind1=" " ind2=" " tag="040">
         <subfield code="d">CaQMCCA</subfield>
         <subfield code="d">NNC</subfield>
         <subfield code="d">CMalG</subfield>
         <subfield code="d">CStRLIN</subfield>
      </datafield>
      <datafield ind1=" " ind2=" " tag="043">
         <subfield code="a">e-it---</subfield>
      </datafield>
      <datafield ind1="1" ind2=" " tag="100">
         <subfield code="a">Crico, Lorenzo,</subfield>
         <subfield code="d">1764-1835.</subfield>
      </datafield>
      <datafield ind1="1" ind2="0" tag="245">
         <subfield code="a">Lettere sulle belle arti trivigiane /</subfield>
         <subfield code="c">del canonico Lorenzo Crico.</subfield>
      </datafield>
      <datafield ind1=" " ind2=" " tag="260">
         <subfield code="a">Treviso :</subfield>
         <subfield code="b">Dalla tip. Andreola,</subfield>
         <subfield code="c">1833.</subfield>
      </datafield>
      <datafield ind1=" " ind2=" " tag="300">
         <subfield code="a">328 p. ;</subfield>
         <subfield code="c">24 cm.</subfield>
      </datafield>
      <datafield ind1=" " ind2=" " tag="500">
         <subfield code="a">Includes indexes.</subfield>
      </datafield>
      <datafield ind1=" " ind2="0" tag="650">
         <subfield code="a">Art, Italian</subfield>
         <subfield code="z">Italy</subfield>
         <subfield code="z">Treviso (Province)</subfield>
         <subfield code="x">Guidebooks.</subfield>
      </datafield>
      <datafield ind1=" " ind2="0" tag="650">
         <subfield code="a">Church buildings</subfield>
         <subfield code="z">Italy</subfield>
         <subfield code="z">Treviso (Province)</subfield>
         <subfield code="x">Guidebooks.</subfield>
      </datafield>
      <datafield ind1=" " ind2="0" tag="651">
         <subfield code="a">Treviso (Italy : Province)</subfield>
         <subfield code="x">Guidebooks.</subfield>
      </datafield>
      <datafield ind1="0" ind2="8" tag="776">
         <subfield code="i">Online version:</subfield>
         <subfield code="a">Crico, Canonico Lorenzo.</subfield>
         <subfield code="t">Lettere sulle belle arti trivigiane.</subfield>
         <subfield code="d">Treviso, tip. Andreola, 1833</subfield>
         <subfield code="w">(OCoLC)610146943</subfield>
      </datafield>
      <datafield ind1="4" ind2="1" tag="856">
         <subfield code="u">https://www.archive.org/details/letteresullebell00cric_0</subfield>
         <subfield code="z">Getty Research Institute digitized version (Internet Archive)</subfield>
      </datafield>
      <datafield ind1=" " ind2="1" tag="905">
         <subfield code="a">1</subfield>
         <subfield code="b">12/03/87 BRG</subfield>
         <subfield code="c">MAI</subfield>
         <subfield code="e">DC</subfield>
      </datafield>
      <datafield ind1=" " ind2="1" tag="906">
         <subfield code="a">EW</subfield>
      </datafield>
      <datafield ind1=" " ind2="1" tag="909">
         <subfield code="a">AMH</subfield>
      </datafield>
      <datafield ind1=" " ind2="1" tag="911">
         <subfield code="a">Ellis Waterhouse Library</subfield>
      </datafield>
      <datafield ind1=" " ind2=" " tag="921">
         <subfield code="a">b11229755</subfield>
         <subfield code="b">06-09-98</subfield>
         <subfield code="c">04-13-95</subfield>
         <subfield code="d">cc</subfield>
         <subfield code="e">-  -</subfield>
         <subfield code="f">a</subfield>
      </datafield>
      <datafield ind1=" " ind2=" " tag="935">
         <subfield code="a">accsubj</subfield>
      </datafield>
      <datafield ind1=" " ind2=" " tag="947">
         <subfield code="a">oclc mm 5/97</subfield>
      </datafield>
      <datafield ind1=" " ind2=" " tag="948">
         <subfield code="a">25694512</subfield>
      </datafield>
      <datafield ind1=" " ind2="1" tag="981">
         <subfield code="b">1</subfield>
         <subfield code="c">12/03/87 REC</subfield>
         <subfield code="d">MAIN</subfield>
         <subfield code="e">MAIN</subfield>
      </datafield>
      <datafield ind1=" " ind2=" " tag="995">
         <subfield code="a">87-B25600</subfield>
      </datafield>
   </record>