
   <record>
      <leader>02423cam a22005051  4504</leader>
      <controlfield tag="001">9925698170001551</controlfield>
      <controlfield tag="005">20130704104227.0</controlfield>
      <controlfield tag="008">930712s1673    ne a          000 0 fre d</controlfield>
      <datafield ind1=" " ind2=" " tag="010">
         <subfield code="a">04010241 //r35</subfield>
      </datafield>
      <datafield ind1=" " ind2=" " tag="035">
         <subfield code="9">93-B14397</subfield>
      </datafield>
      <datafield ind1=" " ind2=" " tag="035">
         <subfield code="a">(OCoLC)4608689</subfield>
      </datafield>
      <datafield ind1=" " ind2=" " tag="035">
         <subfield code="a">302277</subfield>
      </datafield>
      <datafield ind1=" " ind2=" " tag="035">
         <subfield code="a">(CMalG)302277-gettydb-Voyager</subfield>
      </datafield>
      <datafield ind1=" " ind2=" " tag="040">
         <subfield code="c">MiU</subfield>
         <subfield code="d">MiU</subfield>
         <subfield code="d">CMalG</subfield>
         <subfield code="e">dcrb</subfield>
      </datafield>
      <datafield ind1=" " ind2=" " tag="043">
         <subfield code="a">e-ne---</subfield>
         <subfield code="a">e-fr---</subfield>
      </datafield>
      <datafield ind1=" " ind2="4" tag="050">
         <subfield code="a">D277</subfield>
         <subfield code="b">.W63</subfield>
      </datafield>
      <datafield ind1="1" ind2=" " tag="100">
         <subfield code="a">Wicquefort, Abraham de,</subfield>
         <subfield code="d">1606-1682.</subfield>
      </datafield>
      <datafield ind1="1" ind2="0" tag="245">
         <subfield code="a">Advis fidelle aux veritables Hollandois.</subfield>
         <subfield code="b">Touchant ce qui s'est passé dans les villages de Bodegrave &amp; Swammerdam, &amp; les cruautés inoüies, que les François y ont exercées. Avec un memoire de la derniere marche de l'armée du roy de France en Brabant &amp; en Flandre.</subfield>
      </datafield>
      <datafield ind1=" " ind2=" " tag="260">
         <subfield code="a">[The Hague,</subfield>
         <subfield code="b">J. and D. Steucker]</subfield>
         <subfield code="c">1673.</subfield>
      </datafield>
      <datafield ind1=" " ind2=" " tag="300">
         <subfield code="a">1 p. ℓ., 202 p.</subfield>
         <subfield code="b">8 plates.</subfield>
         <subfield code="c">24 cm. (4to)</subfield>
      </datafield>
      <datafield ind1=" " ind2=" " tag="500">
         <subfield code="a">Doubts have been raised about Barbier's attribution of this work tò Abraham de Wicquefort. See Willems, who cites as printers the brothers Steucker at The Hague.</subfield>
      </datafield>
      <datafield ind1=" " ind2=" " tag="500">
         <subfield code="a">Plates are double-page etchings by Romeyn de Hooghe, tipped onto stubs at the centerfold.</subfield>
      </datafield>
      <datafield ind1=" " ind2=" " tag="500">
         <subfield code="a">Signatures: pi1 A-2B⁴ 2C1.</subfield>
      </datafield>
      <datafield ind1="4" ind2=" " tag="510">
         <subfield code="a">Willems, A.  Elzevier,</subfield>
         <subfield code="c">1874</subfield>
      </datafield>
      <datafield ind1=" " ind2=" " tag="590">
         <subfield code="a">Binding: sprinkled sheepskin. Spine and edges of boards tooled in black. Title tooled in black on spine label.</subfield>
      </datafield>
      <datafield ind1=" " ind2=" " tag="590">
         <subfield code="a">Signature on t.p. of Ferdinand Baron de Plettenberg ex Nortkirchen, with the Nordkirchen bookplate on front pastedown. Ownership inscription of Lisa &amp; Leonard Baskin on back pastedown dated 1962, with Baskin's initial B written in pencil after signature letter L, and his printed labels for Fort Hill and Lurley Manor on front pastedown.</subfield>
      </datafield>
      <datafield ind1=" " ind2="0" tag="650">
         <subfield code="a">Atrocities</subfield>
         <subfield code="z">Netherlands</subfield>
         <subfield code="x">History</subfield>
         <subfield code="y">17th century.</subfield>
      </datafield>
      <datafield ind1=" " ind2="0" tag="651">
         <subfield code="a">Netherlands</subfield>
         <subfield code="x">History</subfield>
         <subfield code="y">1648-1714.</subfield>
      </datafield>
      <datafield ind1=" " ind2="0" tag="651">
         <subfield code="a">France</subfield>
         <subfield code="x">History</subfield>
         <subfield code="y">Louis XIV, 1643-1715.</subfield>
      </datafield>
      <datafield ind1=" " ind2="7" tag="655">
         <subfield code="a">Etchings</subfield>
         <subfield code="z">Netherlands</subfield>
         <subfield code="y">17th century.</subfield>
         <subfield code="2">aat</subfield>
      </datafield>
      <datafield ind1="1" ind2=" " tag="700">
         <subfield code="a">Hooghe, Romeyn de,</subfield>
         <subfield code="d">1645-1708.</subfield>
      </datafield>
      <datafield ind1="1" ind2=" " tag="700">
         <subfield code="a">Steucker, Johannes.</subfield>
      </datafield>
      <datafield ind1="1" ind2=" " tag="700">
         <subfield code="a">Steucker, Daniel.</subfield>
      </datafield>
      <datafield ind1=" " ind2=" " tag="752">
         <subfield code="a">Netherlands</subfield>
         <subfield code="d">The Hague.</subfield>
      </datafield>
      <datafield ind1="4" ind2="1" tag="856">
         <subfield code="u">https://www.archive.org/details/gri_33125009323714</subfield>
         <subfield code="z">Getty Research Institute digitized version (Internet Archive)</subfield>
      </datafield>
      <datafield ind1=" " ind2="1" tag="905">
         <subfield code="a">1</subfield>
         <subfield code="b">07/12/93 BLM</subfield>
         <subfield code="c">MAI</subfield>
         <subfield code="e">DC</subfield>
      </datafield>
      <datafield ind1=" " ind2="1" tag="906">
         <subfield code="a">EPG</subfield>
      </datafield>
      <datafield ind1=" " ind2="1" tag="909">
         <subfield code="a">AMH</subfield>
      </datafield>
      <datafield ind1=" " ind2=" " tag="911">
         <subfield code="a">Romeyn de Hooghe Collection</subfield>
      </datafield>
      <datafield ind1=" " ind2=" " tag="921">
         <subfield code="a">b13054910</subfield>
         <subfield code="b">05-07-99</subfield>
         <subfield code="c">04-25-95</subfield>
         <subfield code="d">sc</subfield>
         <subfield code="e">20050721</subfield>
      </datafield>
      <datafield ind1=" " ind2=" " tag="935">
         <subfield code="a">c</subfield>
      </datafield>
      <datafield ind1=" " ind2=" " tag="936">
         <subfield code="c">!dw</subfield>
      </datafield>
      <datafield ind1=" " ind2="1" tag="942">
         <subfield code="b">Romeyn de Hooghe Collection</subfield>
      </datafield>
      <datafield ind1=" " ind2="1" tag="960">
         <subfield code="b">0</subfield>
      </datafield>
      <datafield ind1=" " ind2="1" tag="981">
         <subfield code="b">1</subfield>
         <subfield code="c">07/12/93 REC</subfield>
         <subfield code="d">MAIN</subfield>
         <subfield code="e">MAIN</subfield>
      </datafield>
      <datafield ind1=" " ind2=" " tag="995">
         <subfield code="a">93-B14397</subfield>
      </datafield>
      <datafield ind1=" " ind2=" " tag="998">
         <subfield code="s">9124</subfield>
         <subfield code="n">CMalG</subfield>
         <subfield code="l">CJPA</subfield>
      </datafield>
   </record>