
   <record>
      <leader>00925cam a22002891  4504</leader>
      <controlfield tag="001">9925996130001551</controlfield>
      <controlfield tag="005">20130703154304.0</controlfield>
      <controlfield tag="008">860717s1906    enkf          001 0deng d</controlfield>
      <datafield ind1=" " ind2=" " tag="035">
         <subfield code="9">86-B16578</subfield>
      </datafield>
      <datafield ind1=" " ind2=" " tag="035">
         <subfield code="a">(OCoLC)348553</subfield>
      </datafield>
      <datafield ind1=" " ind2=" " tag="035">
         <subfield code="a">83696</subfield>
      </datafield>
      <datafield ind1=" " ind2=" " tag="035">
         <subfield code="a">(CMalG)83696-gettydb-Voyager</subfield>
      </datafield>
      <datafield ind1=" " ind2=" " tag="040">
         <subfield code="a">CMalG</subfield>
         <subfield code="c">CMalG</subfield>
      </datafield>
      <datafield ind1=" " ind2=" " tag="090">
         <subfield code="a">ND623.C7</subfield>
         <subfield code="b">M82</subfield>
      </datafield>
      <datafield ind1="1" ind2=" " tag="100">
         <subfield code="a">Moore, T. Sturge</subfield>
         <subfield code="q">(Thomas Sturge),</subfield>
         <subfield code="d">1870-1944.</subfield>
      </datafield>
      <datafield ind1="1" ind2="0" tag="245">
         <subfield code="a">Correggio,</subfield>
         <subfield code="c">by T. Sturge Moore.</subfield>
      </datafield>
      <datafield ind1=" " ind2=" " tag="260">
         <subfield code="a">London,</subfield>
         <subfield code="b">Duckworth and Co.;</subfield>
         <subfield code="a">New York,</subfield>
         <subfield code="b">C. Scribner's Sons,</subfield>
         <subfield code="c">1906.</subfield>
      </datafield>
      <datafield ind1=" " ind2=" " tag="300">
         <subfield code="a">xii, 276 p.</subfield>
         <subfield code="b">50 pl. (incl. front.)</subfield>
         <subfield code="c">20 cm.</subfield>
      </datafield>
      <datafield ind1=" " ind2=" " tag="500">
         <subfield code="a">Includes index.</subfield>
      </datafield>
      <datafield ind1=" " ind2=" " tag="504">
         <subfield code="a">"Chronology of Correggio's paintings": p. [253]-262.</subfield>
      </datafield>
      <datafield ind1=" " ind2=" " tag="504">
         <subfield code="a">"Chronology of Correggio's drawings": p. 262-265.</subfield>
      </datafield>
      <datafield ind1="1" ind2="0" tag="600">
         <subfield code="a">Correggio,</subfield>
         <subfield code="d">1489?-1534.</subfield>
      </datafield>
      <datafield ind1="4" ind2="1" tag="856">
         <subfield code="u">https://www.archive.org/details/gri_33125003090657</subfield>
         <subfield code="z">Getty Research Institute digitized version (Internet Archive)</subfield>
      </datafield>
      <datafield ind1=" " ind2=" " tag="921">
         <subfield code="a">b10848411</subfield>
         <subfield code="b">02-20-97</subfield>
         <subfield code="c">04-12-95</subfield>
         <subfield code="d">cc</subfield>
         <subfield code="e">01-01-95</subfield>
         <subfield code="f">a</subfield>
      </datafield>
      <datafield ind1=" " ind2=" " tag="935">
         <subfield code="a">c</subfield>
      </datafield>
      <datafield ind1=" " ind2=" " tag="950">
         <subfield code="l">MAIN</subfield>
      </datafield>
      <datafield ind1=" " ind2=" " tag="955">
         <subfield code="c">1</subfield>
         <subfield code="h">10/09/86 C</subfield>
      </datafield>
      <datafield ind1=" " ind2=" " tag="995">
         <subfield code="a">86-B16578</subfield>
      </datafield>
      <datafield ind1=" " ind2=" " tag="998">
         <subfield code="s">9124</subfield>
         <subfield code="n">CMalG</subfield>
         <subfield code="c">MAT</subfield>
         <subfield code="b">GCS</subfield>
         <subfield code="l">CJPA</subfield>
      </datafield>
   </record>