
   <record>
      <leader>01785cam a2200445 a 4500</leader>
      <controlfield tag="001">9926081680001551</controlfield>
      <controlfield tag="005">20130704104133.0</controlfield>
      <controlfield tag="008">930628s1685    ne a          000 0 fre d</controlfield>
      <datafield ind1=" " ind2=" " tag="010">
         <subfield code="a">65059240 //r</subfield>
      </datafield>
      <datafield ind1=" " ind2=" " tag="035">
         <subfield code="9">93-B13715</subfield>
      </datafield>
      <datafield ind1=" " ind2=" " tag="035">
         <subfield code="a">(OCoLC)6477849</subfield>
      </datafield>
      <datafield ind1=" " ind2=" " tag="035">
         <subfield code="a">301557</subfield>
      </datafield>
      <datafield ind1=" " ind2=" " tag="035">
         <subfield code="a">(CMalG)301557-gettydb-Voyager</subfield>
      </datafield>
      <datafield ind1=" " ind2=" " tag="040">
         <subfield code="a">CU-SB</subfield>
         <subfield code="c">CU-SB</subfield>
         <subfield code="d">CMalG</subfield>
         <subfield code="e">dcrb</subfield>
      </datafield>
      <datafield ind1="1" ind2=" " tag="100">
         <subfield code="a">La Fontaine, Jean de,</subfield>
         <subfield code="d">1621-1695.</subfield>
      </datafield>
      <datafield ind1="1" ind2="0" tag="245">
         <subfield code="a">Contes et nouvelles en vers /</subfield>
         <subfield code="c">de monsieur de La Fontaine.</subfield>
      </datafield>
      <datafield ind1=" " ind2=" " tag="250">
         <subfield code="a">Nouvelle edition enrichie de tailles-douces.</subfield>
      </datafield>
      <datafield ind1=" " ind2=" " tag="260">
         <subfield code="a">A Amsterdam :</subfield>
         <subfield code="b">Chez Henry Desbordes ...,</subfield>
         <subfield code="c">1685.</subfield>
      </datafield>
      <datafield ind1=" " ind2=" " tag="300">
         <subfield code="a">2 v. ([18], 236 p.; [8], 216 p.) :</subfield>
         <subfield code="b">ill. ;</subfield>
         <subfield code="c">17 cm. (12mo)</subfield>
      </datafield>
      <datafield ind1=" " ind2=" " tag="500">
         <subfield code="a">Added etched t.p. by Romeyn de Hooghe. Ill. by de Hooghe.</subfield>
      </datafield>
      <datafield ind1=" " ind2=" " tag="500">
         <subfield code="a">Signatures: *⁸ A-I¹² K¹⁰, *⁴ A-I¹².</subfield>
      </datafield>
      <datafield ind1=" " ind2=" " tag="590">
         <subfield code="a">Getty copy bound in 1 vol. in sprinkled calfskin. Spine tooled in gilt, including title. Edges sprinkled red. Now in box covered in red goatskin.</subfield>
      </datafield>
      <datafield ind1=" " ind2=" " tag="590">
         <subfield code="a">Signature of C. Morris. Printed label of Templeton Crocker. Pencilled inscription on back pastedown in manner of Leonard Baskin, giving bookseller (Luc. Goldschmidt), price code and date (1963).</subfield>
      </datafield>
      <datafield ind1=" " ind2="7" tag="655">
         <subfield code="a">Etchings</subfield>
         <subfield code="z">Netherlands</subfield>
         <subfield code="y">17th century.</subfield>
         <subfield code="2">aat</subfield>
      </datafield>
      <datafield ind1="1" ind2=" " tag="700">
         <subfield code="a">Hooghe, Romeyn de,</subfield>
         <subfield code="d">1645-1708.</subfield>
      </datafield>
      <datafield ind1="1" ind2=" " tag="700">
         <subfield code="a">Desbordes, Henri,</subfield>
         <subfield code="d">active 1680-1711.</subfield>
      </datafield>
      <datafield ind1=" " ind2=" " tag="752">
         <subfield code="a">Netherlands</subfield>
         <subfield code="d">Amsterdam.</subfield>
      </datafield>
      <datafield ind1="4" ind2="1" tag="856">
         <subfield code="u">https://www.archive.org/details/contesetnouvelle00lafo_1</subfield>
         <subfield code="z">Getty Research Institute digitized version (Internet Archive)</subfield>
      </datafield>
      <datafield ind1=" " ind2="1" tag="905">
         <subfield code="a">1</subfield>
         <subfield code="b">06/28/93 BLM</subfield>
         <subfield code="c">MAI</subfield>
         <subfield code="e">DC</subfield>
      </datafield>
      <datafield ind1=" " ind2="1" tag="906">
         <subfield code="a">EPG</subfield>
      </datafield>
      <datafield ind1=" " ind2="1" tag="909">
         <subfield code="a">AMH</subfield>
      </datafield>
      <datafield ind1=" " ind2=" " tag="911">
         <subfield code="a">Romeyn de Hooghe Collection</subfield>
      </datafield>
      <datafield ind1=" " ind2=" " tag="921">
         <subfield code="a">b13047620</subfield>
         <subfield code="b">05-19-99</subfield>
         <subfield code="c">04-25-95</subfield>
         <subfield code="d">sc</subfield>
         <subfield code="e">20060120</subfield>
      </datafield>
      <datafield ind1=" " ind2=" " tag="935">
         <subfield code="a">c</subfield>
      </datafield>
      <datafield ind1=" " ind2=" " tag="936">
         <subfield code="c">!dw</subfield>
      </datafield>
      <datafield ind1=" " ind2="1" tag="942">
         <subfield code="b">Romeyn de Hooghe Collection</subfield>
      </datafield>
      <datafield ind1=" " ind2=" " tag="947">
         <subfield code="a">oclc mm 5/97</subfield>
      </datafield>
      <datafield ind1=" " ind2=" " tag="947">
         <subfield code="a">mm restored pre-match record 5/1998</subfield>
      </datafield>
      <datafield ind1=" " ind2=" " tag="947">
         <subfield code="a">Marcadia 990519a</subfield>
      </datafield>
      <datafield ind1=" " ind2=" " tag="948">
         <subfield code="a">6477849</subfield>
      </datafield>
      <datafield ind1=" " ind2="1" tag="981">
         <subfield code="b">1</subfield>
         <subfield code="c">06/28/93 REC</subfield>
         <subfield code="d">MAIN</subfield>
         <subfield code="e">MAIN</subfield>
      </datafield>
      <datafield ind1=" " ind2=" " tag="995">
         <subfield code="a">93-B13715</subfield>
      </datafield>
   </record>