
   <record>
      <leader>02023cam a2200385Ii 4500</leader>
      <controlfield tag="001">9926188090001551</controlfield>
      <controlfield tag="005">20150323030923.0</controlfield>
      <controlfield tag="008">770505s1900    fr af         000 0 fre  </controlfield>
      <datafield ind1=" " ind2=" " tag="010">
         <subfield code="a">   04034764 </subfield>
      </datafield>
      <datafield ind1=" " ind2=" " tag="035">
         <subfield code="9">91-B8354</subfield>
      </datafield>
      <datafield ind1=" " ind2=" " tag="035">
         <subfield code="a">(OCoLC)2943696</subfield>
      </datafield>
      <datafield ind1=" " ind2=" " tag="035">
         <subfield code="a">266348</subfield>
      </datafield>
      <datafield ind1=" " ind2=" " tag="035">
         <subfield code="a">(CMalG)266348-gettydb-Voyager</subfield>
      </datafield>
      <datafield ind1=" " ind2=" " tag="035">
         <subfield code="a">(OCoLC)ocm02943696</subfield>
      </datafield>
      <datafield ind1=" " ind2=" " tag="035">
         <subfield code="a">(OCoLC)ocm02943696 </subfield>
      </datafield>
      <datafield ind1=" " ind2=" " tag="040">
         <subfield code="a">DLC</subfield>
         <subfield code="b">eng</subfield>
         <subfield code="e">rda</subfield>
         <subfield code="c">UPM</subfield>
         <subfield code="d">DLC</subfield>
         <subfield code="d">NLGGC</subfield>
         <subfield code="d">OCLCG</subfield>
         <subfield code="d">ZWZ</subfield>
         <subfield code="d">OCLCQ</subfield>
         <subfield code="d">OCLCF</subfield>
         <subfield code="d">JPG</subfield>
      </datafield>
      <datafield ind1=" " ind2=" " tag="043">
         <subfield code="a">e-fr---</subfield>
      </datafield>
      <datafield ind1=" " ind2=" " tag="049">
         <subfield code="a">JPGA</subfield>
      </datafield>
      <datafield ind1="0" ind2="0" tag="050">
         <subfield code="a">NC248.G8</subfield>
         <subfield code="b">E8</subfield>
      </datafield>
      <datafield ind1=" " ind2=" " tag="084">
         <subfield code="a">21.37</subfield>
         <subfield code="2">bcl</subfield>
      </datafield>
      <datafield ind1="1" ind2=" " tag="100">
         <subfield code="a">Lemonnier, Camille,</subfield>
         <subfield code="d">1844-1913,</subfield>
         <subfield code="e">author.</subfield>
      </datafield>
      <datafield ind1="1" ind2="0" tag="245">
         <subfield code="a">Eugène Grasset et son oeuvre /</subfield>
         <subfield code="c">texte par Camille Lemonnier, Gustave Kahn, Thiébault-Sisson, Arsène Alexandre, Charles Saunier, Pol Neveux, Marcel Réja, Henri du Cleuziou, Fernand Weyl, Léon Maillard, etc. ; soixante-douze reproductions des oeuvres de Grasset dont deux plances en couleurs.</subfield>
      </datafield>
      <datafield ind1=" " ind2="1" tag="264">
         <subfield code="a">Paris :</subfield>
         <subfield code="b">Éditions de "La Plume",</subfield>
         <subfield code="c">1900.</subfield>
      </datafield>
      <datafield ind1=" " ind2=" " tag="300">
         <subfield code="a">68 pages, 2 unnumbered leaves of plates :</subfield>
         <subfield code="b">illustrations (some color) ;</subfield>
         <subfield code="c">25 cm</subfield>
      </datafield>
      <datafield ind1=" " ind2=" " tag="336">
         <subfield code="a">text</subfield>
         <subfield code="b">txt</subfield>
         <subfield code="2">rdacontent</subfield>
      </datafield>
      <datafield ind1=" " ind2=" " tag="337">
         <subfield code="a">unmediated</subfield>
         <subfield code="b">n</subfield>
         <subfield code="2">rdamedia</subfield>
      </datafield>
      <datafield ind1=" " ind2=" " tag="338">
         <subfield code="a">volume</subfield>
         <subfield code="b">nc</subfield>
         <subfield code="2">rdacarrier</subfield>
      </datafield>
      <datafield ind1=" " ind2=" " tag="590">
         <subfield code="a">Library's copy has publisher's catalog on an additional 8 pages at end.</subfield>
      </datafield>
      <datafield ind1=" " ind2=" " tag="590">
         <subfield code="a">Library's copy lacks cover.</subfield>
      </datafield>
      <datafield ind1=" " ind2=" " tag="500">
         <subfield code="a">"Eugène Grasset et son oeuvre / par Camille Lemonnier, Gustave Kahn, Charles Saunier, etc. ; avec 72 reproductions des oeuvres de Grasset dont deux planches en couleurs. Nouvelle édition. Paris : Éditions de La Plume, 1901"--Cover.</subfield>
      </datafield>
      <datafield ind1=" " ind2=" " tag="500">
         <subfield code="a">Consists of a special no. of "La Plume" (48 p.) and 15 p. (p. 165-179) taken from "La Plume," followed by "Table des matières" and "Table des gravures."</subfield>
      </datafield>
      <datafield ind1="1" ind2="0" tag="600">
         <subfield code="a">Grasset, Eugène,</subfield>
         <subfield code="d">1841-1917</subfield>
         <subfield code="x">Criticism and interpretation.</subfield>
      </datafield>
      <datafield ind1="1" ind2="7" tag="600">
         <subfield code="a">Grasset, Eugène,</subfield>
         <subfield code="d">(1841-1917)</subfield>
         <subfield code="x">Critique et interprétation.</subfield>
         <subfield code="2">ram</subfield>
      </datafield>
      <datafield ind1="1" ind2="7" tag="600">
         <subfield code="a">Grasset, Eugène,</subfield>
         <subfield code="d">1841-1917.</subfield>
         <subfield code="2">fast</subfield>
         <subfield code="0">(OCoLC)fst00030244</subfield>
      </datafield>
      <datafield ind1=" " ind2="0" tag="650">
         <subfield code="a">Art nouveau</subfield>
         <subfield code="z">France.</subfield>
      </datafield>
      <datafield ind1=" " ind2="0" tag="650">
         <subfield code="a">Decoration and ornament</subfield>
         <subfield code="z">France</subfield>
         <subfield code="x">Art nouveau.</subfield>
      </datafield>
      <datafield ind1="1" ind2="7" tag="650">
         <subfield code="a">Art nouveau.</subfield>
         <subfield code="2">gtt</subfield>
      </datafield>
      <datafield ind1="1" ind2="7" tag="650">
         <subfield code="a">Prenten.</subfield>
         <subfield code="2">gtt</subfield>
      </datafield>
      <datafield ind1="1" ind2=" " tag="700">
         <subfield code="a">Grasset, Eugène,</subfield>
         <subfield code="d">1841-1917.</subfield>
      </datafield>
      <datafield ind1="1" ind2=" " tag="700">
         <subfield code="a">Lemonnier, Camille,</subfield>
         <subfield code="d">1844-1913.</subfield>
      </datafield>
      <datafield ind1="0" ind2=" " tag="730">
         <subfield code="a">Plume.</subfield>
      </datafield>
      <datafield ind1="0" ind2="8" tag="776">
         <subfield code="i">Online version:</subfield>
         <subfield code="t">Eugène Grasset et son oeuvre.</subfield>
         <subfield code="d">Paris, Editions de "La Plume," 1900</subfield>
         <subfield code="w">(OCoLC)867125518</subfield>
      </datafield>
      <datafield ind1="4" ind2="1" tag="856">
         <subfield code="u">https://www.archive.org/details/eugenegrassetets00lemo_0</subfield>
         <subfield code="z">Getty Research Institute digitized version (Internet Archive)</subfield>
      </datafield>
      <datafield ind1=" " ind2="1" tag="905">
         <subfield code="a">1</subfield>
         <subfield code="b">03/18/91 JEN</subfield>
         <subfield code="c">MAI</subfield>
         <subfield code="e">DC</subfield>
      </datafield>
      <datafield ind1=" " ind2="1" tag="906">
         <subfield code="a">ATZ</subfield>
      </datafield>
      <datafield ind1=" " ind2="1" tag="909">
         <subfield code="a">AMH</subfield>
      </datafield>
      <datafield ind1=" " ind2=" " tag="911">
         <subfield code="a">Arntz Library</subfield>
         <subfield code="e">c.1</subfield>
      </datafield>
      <datafield ind1=" " ind2=" " tag="921">
         <subfield code="a">b12690909</subfield>
         <subfield code="b">06-11-98</subfield>
         <subfield code="c">04-21-95</subfield>
         <subfield code="d">sc</subfield>
         <subfield code="e">20150323</subfield>
         <subfield code="f">a</subfield>
      </datafield>
      <datafield ind1=" " ind2=" " tag="935">
         <subfield code="a">c</subfield>
      </datafield>
      <datafield ind1=" " ind2=" " tag="936">
         <subfield code="c">!blm</subfield>
      </datafield>
      <datafield ind1=" " ind2=" " tag="947">
         <subfield code="a">oclc mm 5/97</subfield>
      </datafield>
      <datafield ind1=" " ind2=" " tag="947">
         <subfield code="a">mm restored pre-match record 5/1998</subfield>
      </datafield>
      <datafield ind1=" " ind2=" " tag="948">
         <subfield code="a">2943696</subfield>
      </datafield>
      <datafield ind1=" " ind2="1" tag="981">
         <subfield code="b">1</subfield>
         <subfield code="c">03/18/91 REC</subfield>
         <subfield code="d">MAIN</subfield>
         <subfield code="e">MAIN</subfield>
      </datafield>
      <datafield ind1=" " ind2=" " tag="994">
         <subfield code="a">C0</subfield>
         <subfield code="b">JPG</subfield>
      </datafield>
      <datafield ind1=" " ind2=" " tag="995">
         <subfield code="a">91-B08354</subfield>
      </datafield>
   </record>