
   <record>
      <leader>01548cam a2200517   4500</leader>
      <controlfield tag="001">9926369200001551</controlfield>
      <controlfield tag="005">20150312155630.0</controlfield>
      <controlfield tag="008">890914s1908    it a     b    00000 ita  </controlfield>
      <datafield ind1=" " ind2=" " tag="010">
         <subfield code="a">a  14000998</subfield>
      </datafield>
      <datafield ind1=" " ind2=" " tag="035">
         <subfield code="9">84-B3334</subfield>
      </datafield>
      <datafield ind1=" " ind2=" " tag="035">
         <subfield code="a">(OCoLC)2309098</subfield>
      </datafield>
      <datafield ind1=" " ind2=" " tag="035">
         <subfield code="a">40791</subfield>
      </datafield>
      <datafield ind1=" " ind2=" " tag="035">
         <subfield code="a">(CMalG)40791-gettydb-Voyager</subfield>
      </datafield>
      <datafield ind1=" " ind2=" " tag="040">
         <subfield code="a">DLC</subfield>
         <subfield code="c">RPB</subfield>
         <subfield code="d">RPB</subfield>
         <subfield code="d">CStRLIN</subfield>
         <subfield code="d">IaU</subfield>
         <subfield code="d">DNGA</subfield>
         <subfield code="d">CU-A</subfield>
      </datafield>
      <datafield ind1=" " ind2=" " tag="043">
         <subfield code="a">e-it---</subfield>
      </datafield>
      <datafield ind1=" " ind2="4" tag="050">
         <subfield code="a">NB615</subfield>
         <subfield code="b">.F5</subfield>
      </datafield>
      <datafield ind1="1" ind2=" " tag="100">
         <subfield code="a">Filippini, Laura.</subfield>
      </datafield>
      <datafield ind1="1" ind2="3" tag="245">
         <subfield code="a">La scultura nel trecento in Roma /</subfield>
         <subfield code="c">con prefazione del prof. Adolfo Venturi.</subfield>
      </datafield>
      <datafield ind1="0" ind2=" " tag="260">
         <subfield code="a">Torino :</subfield>
         <subfield code="b">Società tipografico-editrice nazionale,</subfield>
         <subfield code="c">1908.</subfield>
      </datafield>
      <datafield ind1=" " ind2=" " tag="300">
         <subfield code="a">194 p. :</subfield>
         <subfield code="b">illus. ;</subfield>
         <subfield code="c">22 cm.</subfield>
      </datafield>
      <datafield ind1="0" ind2=" " tag="490">
         <subfield code="a">Biblioteca d'arte</subfield>
      </datafield>
      <datafield ind1=" " ind2=" " tag="500">
         <subfield code="a">On cover: Biblioteca d'arte.</subfield>
      </datafield>
      <datafield ind1=" " ind2=" " tag="504">
         <subfield code="a">Bibliographia: p. [189]-191.</subfield>
      </datafield>
      <datafield ind1=" " ind2="0" tag="650">
         <subfield code="a">Sculpture</subfield>
         <subfield code="z">Italy</subfield>
         <subfield code="z">Rome.</subfield>
      </datafield>
      <datafield ind1=" " ind2="0" tag="650">
         <subfield code="a">Sculpture, Roman</subfield>
         <subfield code="z">Italy</subfield>
         <subfield code="z">Rome.</subfield>
      </datafield>
      <datafield ind1="1" ind2=" " tag="700">
         <subfield code="a">Venturi, Adolfo,</subfield>
         <subfield code="d">1856-1941.</subfield>
      </datafield>
      <datafield ind1="4" ind2="1" tag="856">
         <subfield code="u">https://www.archive.org/details/lasculturaneltre00fili</subfield>
         <subfield code="z">Getty Research Institute digitized version (Internet Archive)</subfield>
      </datafield>
      <datafield ind1=" " ind2="1" tag="905">
         <subfield code="a">1</subfield>
         <subfield code="b">02/10/84 IL</subfield>
         <subfield code="c">MAI</subfield>
         <subfield code="e">DZ</subfield>
      </datafield>
      <datafield ind1=" " ind2="2" tag="905">
         <subfield code="a">2</subfield>
         <subfield code="b">01/23/85 JG</subfield>
         <subfield code="c">MAI</subfield>
         <subfield code="e">DZ</subfield>
      </datafield>
      <datafield ind1=" " ind2="1" tag="906">
         <subfield code="a">MIDL</subfield>
      </datafield>
      <datafield ind1=" " ind2="2" tag="906">
         <subfield code="a">HI</subfield>
      </datafield>
      <datafield ind1=" " ind2="1" tag="909">
         <subfield code="a">AMH</subfield>
      </datafield>
      <datafield ind1=" " ind2="2" tag="909">
         <subfield code="a">AMH</subfield>
      </datafield>
      <datafield ind1=" " ind2="1" tag="911">
         <subfield code="a">Middeldorf Library</subfield>
      </datafield>
      <datafield ind1=" " ind2=" " tag="921">
         <subfield code="a">b10413273</subfield>
         <subfield code="b">05-10-99</subfield>
         <subfield code="c">04-11-95</subfield>
         <subfield code="d">cc</subfield>
         <subfield code="e">20150312</subfield>
         <subfield code="f">a</subfield>
      </datafield>
      <datafield ind1=" " ind2=" " tag="935">
         <subfield code="a">c</subfield>
      </datafield>
      <datafield ind1=" " ind2=" " tag="936">
         <subfield code="c">bml</subfield>
      </datafield>
      <datafield ind1=" " ind2=" " tag="947">
         <subfield code="a">oclc mm 5/97</subfield>
      </datafield>
      <datafield ind1=" " ind2=" " tag="947">
         <subfield code="a">mm restored pre-match record 5/1998</subfield>
      </datafield>
      <datafield ind1=" " ind2=" " tag="947">
         <subfield code="a">mm restored pre-match record 5/1998</subfield>
      </datafield>
      <datafield ind1=" " ind2=" " tag="947">
         <subfield code="a">Marcadia 990407a</subfield>
      </datafield>
      <datafield ind1=" " ind2=" " tag="948">
         <subfield code="a">Marcadia</subfield>
      </datafield>
      <datafield ind1=" " ind2=" " tag="948">
         <subfield code="a">2309098</subfield>
      </datafield>
      <datafield ind1=" " ind2="1" tag="981">
         <subfield code="b">1</subfield>
         <subfield code="c">02/10/84 REC</subfield>
         <subfield code="d">MAIN</subfield>
         <subfield code="e">MAIN</subfield>
      </datafield>
      <datafield ind1=" " ind2="2" tag="981">
         <subfield code="b">1</subfield>
         <subfield code="c">01/23/85 REC</subfield>
         <subfield code="d">MAIN</subfield>
         <subfield code="e">MAIN</subfield>
      </datafield>
      <datafield ind1=" " ind2=" " tag="995">
         <subfield code="a">84-B03334</subfield>
      </datafield>
      <datafield ind1=" " ind2=" " tag="998">
         <subfield code="s">9115</subfield>
      </datafield>
   </record>