
   <record>
      <leader>01983cam a2200505Ia 4500</leader>
      <controlfield tag="001">9926633240001551</controlfield>
      <controlfield tag="005">20130703162807.0</controlfield>
      <controlfield tag="008">860408m19129999ru a          001 0 rusod</controlfield>
      <datafield ind1=" " ind2=" " tag="035">
         <subfield code="a">(OCoLC)ocm29531586</subfield>
      </datafield>
      <datafield ind1=" " ind2=" " tag="035">
         <subfield code="9">86-B7300</subfield>
      </datafield>
      <datafield ind1=" " ind2=" " tag="035">
         <subfield code="9">87-B23175</subfield>
      </datafield>
      <datafield ind1=" " ind2=" " tag="035">
         <subfield code="a">(OCoLC)29531586</subfield>
      </datafield>
      <datafield ind1=" " ind2=" " tag="035">
         <subfield code="a">(OCoLC)29531586</subfield>
      </datafield>
      <datafield ind1=" " ind2=" " tag="035">
         <subfield code="a">100042</subfield>
      </datafield>
      <datafield ind1=" " ind2=" " tag="035">
         <subfield code="a">(CMalG)100042-gettydb-Voyager</subfield>
      </datafield>
      <datafield ind1=" " ind2=" " tag="040">
         <subfield code="a">PUL</subfield>
         <subfield code="c">PUL</subfield>
         <subfield code="d">OCLCQ</subfield>
         <subfield code="d">JPG</subfield>
         <subfield code="d">TEF</subfield>
      </datafield>
      <datafield ind1=" " ind2=" " tag="043">
         <subfield code="a">e-ru---</subfield>
      </datafield>
      <datafield ind1=" " ind2=" " tag="049">
         <subfield code="a">JPGA</subfield>
      </datafield>
      <datafield ind1="1" ind2="4" tag="050">
         <subfield code="a">N3350</subfield>
         <subfield code="b">.A33x 1912</subfield>
      </datafield>
      <datafield ind1=" " ind2=" " tag="066">
         <subfield code="c">(N</subfield>
         <subfield code="c">(Q</subfield>
      </datafield>
      <datafield ind1=" " ind2=" " tag="090">
         <subfield code="a">N3350</subfield>
         <subfield code="b">.A33 1912</subfield>
      </datafield>
      <datafield ind1="0" ind2="0" tag="245">
         <subfield code="6">880-01</subfield>
         <subfield code="a">Alʹbom kartinnoĭ gallerei :</subfield>
         <subfield code="b">Imperatorskīĭ Ėrmitazh.</subfield>
      </datafield>
      <datafield ind1="3" ind2="0" tag="246">
         <subfield code="6">880-02</subfield>
         <subfield code="a">Imperatorskīĭ Ėrmitazh</subfield>
      </datafield>
      <datafield ind1=" " ind2=" " tag="260">
         <subfield code="6">880-03</subfield>
         <subfield code="a">S.P.B. [Sankt Peterburg] :</subfield>
         <subfield code="b">Imp. Ėrmitazh,</subfield>
         <subfield code="c">1912.</subfield>
      </datafield>
      <datafield ind1=" " ind2=" " tag="300">
         <subfield code="a">381 p. :</subfield>
         <subfield code="b">chiefly ill. ;</subfield>
         <subfield code="c">19 cm.</subfield>
      </datafield>
      <datafield ind1=" " ind2=" " tag="500">
         <subfield code="a">No more published.</subfield>
      </datafield>
      <datafield ind1=" " ind2=" " tag="500">
         <subfield code="a">Includes index.</subfield>
      </datafield>
      <datafield ind1="0" ind2=" " tag="505">
         <subfield code="6">880-04</subfield>
         <subfield code="a">ch. 1. Italīanskai͡a i ispanskai͡a zhivopisʹ.</subfield>
      </datafield>
      <datafield ind1=" " ind2=" " tag="546">
         <subfield code="a">In Russian; preface in Russian and French.</subfield>
      </datafield>
      <datafield ind1=" " ind2="0" tag="650">
         <subfield code="a">Painting, Italian</subfield>
         <subfield code="z">Russia (Federation)</subfield>
         <subfield code="z">Saint Petersburg.</subfield>
      </datafield>
      <datafield ind1=" " ind2="0" tag="650">
         <subfield code="a">Painting, Spanish</subfield>
         <subfield code="z">Russia (Federation)</subfield>
         <subfield code="z">Saint Petersburg.</subfield>
      </datafield>
      <datafield ind1=" " ind2="0" tag="650">
         <subfield code="a">Painting, Renaissance</subfield>
         <subfield code="z">Russia (Federation)</subfield>
         <subfield code="z">Saint Petersburg.</subfield>
      </datafield>
      <datafield ind1="2" ind2=" " tag="710">
         <subfield code="6">880-05</subfield>
         <subfield code="a">Imperatorskīĭ Ėrmitazh (Russia)</subfield>
      </datafield>
      <datafield ind1="4" ind2="1" tag="856">
         <subfield code="u">https://www.archive.org/details/albomkartinnoiga008800</subfield>
         <subfield code="z">Getty Research Institute digitized version (Internet Archive)</subfield>
      </datafield>
      <datafield ind1="0" ind2="0" tag="880">
         <subfield code="6">245-01/(N</subfield>
         <subfield code="a">Альбом картинной галлереи :</subfield>
         <subfield code="b">Императорскій Эрмитаж.</subfield>
      </datafield>
      <datafield ind1="3" ind2="0" tag="880">
         <subfield code="6">246-02/(N</subfield>
         <subfield code="a">Императорскій Эрмитаж</subfield>
      </datafield>
      <datafield ind1=" " ind2=" " tag="880">
         <subfield code="6">260-03/(N</subfield>
         <subfield code="a">С.П.Б. [Санкт Петербург] :</subfield>
         <subfield code="b">Имп. Эрмитаж,</subfield>
         <subfield code="c">1912.</subfield>
      </datafield>
      <datafield ind1="0" ind2=" " tag="880">
         <subfield code="6">505-04/(N</subfield>
         <subfield code="a">ч. 1. Италіанская и испанская живопись.</subfield>
      </datafield>
      <datafield ind1="2" ind2=" " tag="880">
         <subfield code="6">710-05/(N</subfield>
         <subfield code="a">Императорскій Эрмитаж (Russia)</subfield>
      </datafield>
      <datafield ind1=" " ind2="2" tag="911">
         <subfield code="a">Ellis Waterhouse Library</subfield>
      </datafield>
      <datafield ind1=" " ind2="1" tag="921">
         <subfield code="a">b11013473</subfield>
         <subfield code="b">02-20-97</subfield>
         <subfield code="c">04-13-95</subfield>
         <subfield code="d">cc</subfield>
         <subfield code="e">01-01-95</subfield>
         <subfield code="f">a</subfield>
      </datafield>
      <datafield ind1=" " ind2="2" tag="921">
         <subfield code="a">b11203973</subfield>
         <subfield code="b">06-08-98</subfield>
         <subfield code="c">04-13-95</subfield>
         <subfield code="d">cc</subfield>
         <subfield code="e">-  -</subfield>
         <subfield code="f">a</subfield>
      </datafield>
      <datafield ind1=" " ind2=" " tag="935">
         <subfield code="a">c</subfield>
      </datafield>
      <datafield ind1=" " ind2=" " tag="948">
         <subfield code="a">OCLC 20101212</subfield>
      </datafield>
      <datafield ind1=" " ind2=" " tag="950">
         <subfield code="l">MAIN</subfield>
      </datafield>
      <datafield ind1=" " ind2=" " tag="995">
         <subfield code="a">86-B07300</subfield>
      </datafield>
      <datafield ind1=" " ind2=" " tag="995">
         <subfield code="a">87-B23175</subfield>
      </datafield>
   </record>