
   <record>
      <leader>01539cam a2200445   4504</leader>
      <controlfield tag="001">9926877270001551</controlfield>
      <controlfield tag="005">20130703171256.0</controlfield>
      <controlfield tag="008">870925s1896    enka          001 0 eng d</controlfield>
      <datafield ind1=" " ind2=" " tag="010">
         <subfield code="a">03031710</subfield>
      </datafield>
      <datafield ind1=" " ind2=" " tag="035">
         <subfield code="9">87-B20139</subfield>
      </datafield>
      <datafield ind1=" " ind2=" " tag="035">
         <subfield code="a">115658</subfield>
      </datafield>
      <datafield ind1=" " ind2=" " tag="035">
         <subfield code="a">(OCoLC)2834626</subfield>
      </datafield>
      <datafield ind1=" " ind2=" " tag="035">
         <subfield code="a">(CMalG)115658-gettydb-Voyager</subfield>
      </datafield>
      <datafield ind1=" " ind2=" " tag="040">
         <subfield code="a">PSt</subfield>
         <subfield code="c">PSt</subfield>
         <subfield code="d">CMalG</subfield>
      </datafield>
      <datafield ind1="0" ind2=" " tag="050">
         <subfield code="a">TS1575</subfield>
         <subfield code="b">.N25</subfield>
      </datafield>
      <datafield ind1=" " ind2=" " tag="090">
         <subfield code="a">TS1577</subfield>
         <subfield code="b">.N25 1896</subfield>
      </datafield>
      <datafield ind1="1" ind2=" " tag="100">
         <subfield code="a">Nasmith, Joseph.</subfield>
      </datafield>
      <datafield ind1="1" ind2="4" tag="245">
         <subfield code="a">The students' cotton spinning /</subfield>
         <subfield code="c">By Joseph Nasmith.</subfield>
      </datafield>
      <datafield ind1=" " ind2=" " tag="250">
         <subfield code="a">3rd ed.</subfield>
      </datafield>
      <datafield ind1=" " ind2=" " tag="260">
         <subfield code="a">Manchester :</subfield>
         <subfield code="b">J. Nasmith ;</subfield>
         <subfield code="a">New York :</subfield>
         <subfield code="b">D. Van Nostrand,</subfield>
         <subfield code="c">1896.</subfield>
      </datafield>
      <datafield ind1=" " ind2=" " tag="300">
         <subfield code="a">636 p. :</subfield>
         <subfield code="b">ill. ;</subfield>
         <subfield code="c">19 cm.</subfield>
      </datafield>
      <datafield ind1=" " ind2=" " tag="500">
         <subfield code="a">"The present edition has been in great part rewritten ... that portion of it which appeared in the preceding editions and dealt with the construction and engineering of mills has been omitted."--Pref.</subfield>
      </datafield>
      <datafield ind1=" " ind2=" " tag="500">
         <subfield code="a">Spine title: Nasmith's students' cotton spinning.</subfield>
      </datafield>
      <datafield ind1=" " ind2=" " tag="500">
         <subfield code="a">"Twelfth thousand."</subfield>
      </datafield>
      <datafield ind1=" " ind2=" " tag="500">
         <subfield code="a">Includes index.</subfield>
      </datafield>
      <datafield ind1=" " ind2="0" tag="650">
         <subfield code="a">Cotton spinning.</subfield>
      </datafield>
      <datafield ind1="0" ind2="1" tag="740">
         <subfield code="a">Nasmith's students' cotton spinning.</subfield>
      </datafield>
      <datafield ind1="4" ind2="1" tag="856">
         <subfield code="u">https://www.archive.org/details/gri_33125007990886</subfield>
         <subfield code="z">Getty Research Institute digitized version (Internet Archive)</subfield>
      </datafield>
      <datafield ind1=" " ind2="1" tag="905">
         <subfield code="a">1</subfield>
         <subfield code="b">09/25/87 MSW</subfield>
         <subfield code="c">MAI</subfield>
         <subfield code="e">DC</subfield>
      </datafield>
      <datafield ind1=" " ind2="1" tag="906">
         <subfield code="a">FRIN</subfield>
      </datafield>
      <datafield ind1=" " ind2="1" tag="909">
         <subfield code="a">ER</subfield>
      </datafield>
      <datafield ind1=" " ind2=" " tag="909">
         <subfield code="g">cica</subfield>
      </datafield>
      <datafield ind1=" " ind2="1" tag="911">
         <subfield code="a">Franklin Institute Library</subfield>
      </datafield>
      <datafield ind1=" " ind2=" " tag="921">
         <subfield code="a">b11171364</subfield>
         <subfield code="b">12-20-00</subfield>
         <subfield code="c">04-13-95</subfield>
         <subfield code="d">cc</subfield>
         <subfield code="e">01-01-95</subfield>
         <subfield code="f">a</subfield>
      </datafield>
      <datafield ind1=" " ind2=" " tag="935">
         <subfield code="a">c</subfield>
      </datafield>
      <datafield ind1=" " ind2=" " tag="950">
         <subfield code="l">CONS</subfield>
      </datafield>
      <datafield ind1=" " ind2=" " tag="955">
         <subfield code="c">1</subfield>
         <subfield code="q">87-B20139-1</subfield>
         <subfield code="q">consep87</subfield>
         <subfield code="r">33125001409602</subfield>
         <subfield code="i">02/17/94 C</subfield>
      </datafield>
      <datafield ind1=" " ind2="1" tag="960">
         <subfield code="b">0</subfield>
      </datafield>
      <datafield ind1=" " ind2="1" tag="981">
         <subfield code="b">1</subfield>
         <subfield code="c">02/16/94 CAT</subfield>
         <subfield code="d">CONS</subfield>
         <subfield code="e">CONS</subfield>
         <subfield code="i">09/25/87 REC</subfield>
      </datafield>
      <datafield ind1=" " ind2=" " tag="995">
         <subfield code="a">87-B20139</subfield>
      </datafield>
      <datafield ind1="0" ind2=" " tag="996">
         <subfield code="a">Conservation collection (Getty Research Institute)</subfield>
      </datafield>
      <datafield ind1=" " ind2=" " tag="998">
         <subfield code="s">9115</subfield>
         <subfield code="n">CMalG</subfield>
         <subfield code="c">MF </subfield>
         <subfield code="b">MF </subfield>
         <subfield code="l">CJPA</subfield>
      </datafield>
   </record>