
   <record>
      <leader>02811cam a2200505 a 4500</leader>
      <controlfield tag="001">9927088620001551</controlfield>
      <controlfield tag="005">20130704071923.0</controlfield>
      <controlfield tag="008">921202s1660    it            001 0 ita d</controlfield>
      <datafield ind1=" " ind2=" " tag="035">
         <subfield code="9">92-B27099</subfield>
      </datafield>
      <datafield ind1=" " ind2=" " tag="035">
         <subfield code="a">(OCoLC)44829999</subfield>
      </datafield>
      <datafield ind1=" " ind2=" " tag="035">
         <subfield code="a">287131</subfield>
      </datafield>
      <datafield ind1=" " ind2=" " tag="035">
         <subfield code="a">(CMalG)287131-gettydb-Voyager</subfield>
      </datafield>
      <datafield ind1=" " ind2=" " tag="040">
         <subfield code="a">CMalG</subfield>
         <subfield code="c">CMalG</subfield>
         <subfield code="e">dcrb</subfield>
      </datafield>
      <datafield ind1=" " ind2=" " tag="043">
         <subfield code="a">e-it---</subfield>
      </datafield>
      <datafield ind1=" " ind2=" " tag="090">
         <subfield code="a">KKH9857.37</subfield>
         <subfield code="b">.L85 1660</subfield>
      </datafield>
      <datafield ind1="1" ind2=" " tag="100">
         <subfield code="a">Lunadoro, Girolamo.</subfield>
      </datafield>
      <datafield ind1="1" ind2="0" tag="245">
         <subfield code="a">Relatione della corte di Roma :</subfield>
         <subfield code="b">e de' riti da osseruarsi in essa, e de' suoi magistrati &amp; officij, con la loro distinta giurisdittione /</subfield>
         <subfield code="c">del sign. cau. Girolamo Lunadoro. Col Maestro di camera / del signor Francesco Sestini. E Roma ricercata nel suo sito, nel modo, che al presente si ritroua, con le nuoue fabbriche / del sig. Fiorau. Martinelli, e dal medesimo accresciuta di antiche e moderne eruditioni.</subfield>
      </datafield>
      <datafield ind1=" " ind2=" " tag="260">
         <subfield code="a">In Venetia :</subfield>
         <subfield code="b">Per il Brigonci,</subfield>
         <subfield code="c">1660.</subfield>
      </datafield>
      <datafield ind1=" " ind2=" " tag="300">
         <subfield code="a">248, [22], 7-105, [3], 3-178, [14] p. ;</subfield>
         <subfield code="c">14 cm. (12mo)</subfield>
      </datafield>
      <datafield ind1=" " ind2=" " tag="500">
         <subfield code="a">The 2nd &amp; 3rd titles have special added t.p.'s: Il maestro di camera : trattato / di Francesco Sestini da Bibbiena. Di nuouo ricorretto, secondo il cerimoniale romano, et in quest' vltima impressione di diuersi errori emendato -- Roma ricercata nel suo sito, e nella scuola di tutti gli antiquarij / di Fiorauante Martinelli romano. Quarta impressione, reuista, corretta &amp; accresciuta dall'autore in molti luoghi, con antiche &amp; moderne eruditioni.</subfield>
      </datafield>
      <datafield ind1=" " ind2=" " tag="500">
         <subfield code="a">Lunadoro first published in 1635, Sestini in 1621; see BL Italian, 17th cent. Martinelli first published 1644; see Schudt.</subfield>
      </datafield>
      <datafield ind1=" " ind2=" " tag="500">
         <subfield code="a">T.p. vignettes; 1st title has bird's-eye-view of Venice, 2nd &amp; 3rd a Roman head in profile. Initials, head- and tail-pieces.</subfield>
      </datafield>
      <datafield ind1=" " ind2=" " tag="500">
         <subfield code="a">Signatures: A-P¹² Q⁶, ²A-H¹².</subfield>
      </datafield>
      <datafield ind1=" " ind2=" " tag="500">
         <subfield code="a">Includes indexes.</subfield>
      </datafield>
      <datafield ind1="4" ind2=" " tag="510">
         <subfield code="a">Schudt, L.  Guide di Roma,</subfield>
         <subfield code="c">233</subfield>
      </datafield>
      <datafield ind1=" " ind2=" " tag="590">
         <subfield code="a">Binding: polished goatskin, apparently original. Gold tooled on spine and edges of boards, title on spine. Page edges red. Dates on front pastedown: A Roma li 20 di ottobre 1661. P. 5 Juli.</subfield>
      </datafield>
      <datafield ind1="2" ind2="0" tag="610">
         <subfield code="a">Catholic Church</subfield>
         <subfield code="x">Government.</subfield>
      </datafield>
      <datafield ind1=" " ind2="0" tag="650">
         <subfield code="a">Papal courts</subfield>
         <subfield code="z">Italy</subfield>
         <subfield code="z">Rome.</subfield>
      </datafield>
      <datafield ind1=" " ind2="0" tag="651">
         <subfield code="a">Papal States</subfield>
         <subfield code="x">Court and courtiers.</subfield>
      </datafield>
      <datafield ind1=" " ind2="0" tag="651">
         <subfield code="a">Rome (Italy)</subfield>
         <subfield code="x">Description and travel</subfield>
         <subfield code="v">Guidebooks.</subfield>
      </datafield>
      <datafield ind1=" " ind2="7" tag="655">
         <subfield code="a">Guidebooks</subfield>
         <subfield code="z">Italy</subfield>
         <subfield code="y">17th century.</subfield>
         <subfield code="2">aat</subfield>
      </datafield>
      <datafield ind1="1" ind2="2" tag="700">
         <subfield code="a">Sestini, Francesco,</subfield>
         <subfield code="d">17th cent.</subfield>
         <subfield code="t">Maestro di camera.</subfield>
      </datafield>
      <datafield ind1="1" ind2="2" tag="700">
         <subfield code="a">Martinelli, Fioravante,</subfield>
         <subfield code="d">active 17th century.</subfield>
         <subfield code="t">Roma ricercata nel suo sito.</subfield>
      </datafield>
      <datafield ind1="1" ind2=" " tag="700">
         <subfield code="a">Brigonci, Giovanni Pietro,</subfield>
         <subfield code="d">17th cent.</subfield>
      </datafield>
      <datafield ind1=" " ind2=" " tag="752">
         <subfield code="a">Italy</subfield>
         <subfield code="d">Venice.</subfield>
      </datafield>
      <datafield ind1="4" ind2="1" tag="856">
         <subfield code="u">https://www.archive.org/details/relationedellaco00luna_1</subfield>
         <subfield code="z">Getty Research Institute digitized version (Internet Archive)</subfield>
      </datafield>
      <datafield ind1=" " ind2="1" tag="905">
         <subfield code="a">1</subfield>
         <subfield code="b">12/02/92 DW</subfield>
         <subfield code="c">MAI</subfield>
         <subfield code="e">DC</subfield>
      </datafield>
      <datafield ind1=" " ind2="1" tag="906">
         <subfield code="a">EPG</subfield>
      </datafield>
      <datafield ind1=" " ind2="1" tag="909">
         <subfield code="a">JME</subfield>
      </datafield>
      <datafield ind1=" " ind2=" " tag="921">
         <subfield code="a">b12901544</subfield>
         <subfield code="b">06-08-98</subfield>
         <subfield code="c">04-21-95</subfield>
         <subfield code="d">sc</subfield>
         <subfield code="e">20050113</subfield>
      </datafield>
      <datafield ind1=" " ind2=" " tag="935">
         <subfield code="a">c</subfield>
      </datafield>
      <datafield ind1=" " ind2=" " tag="936">
         <subfield code="c">!dw</subfield>
      </datafield>
      <datafield ind1=" " ind2=" " tag="947">
         <subfield code="a">oclc mm 5/97</subfield>
      </datafield>
      <datafield ind1=" " ind2="1" tag="960">
         <subfield code="b">0</subfield>
      </datafield>
      <datafield ind1=" " ind2="1" tag="981">
         <subfield code="b">1</subfield>
         <subfield code="c">12/02/92 REC</subfield>
         <subfield code="d">MAIN</subfield>
         <subfield code="e">MAIN</subfield>
      </datafield>
      <datafield ind1=" " ind2=" " tag="995">
         <subfield code="a">92-B27099</subfield>
      </datafield>
      <datafield ind1=" " ind2=" " tag="998">
         <subfield code="s">9668</subfield>
         <subfield code="n">CMalG</subfield>
         <subfield code="l">CJPA</subfield>
      </datafield>
   </record>