
   <record>
      <leader>01591cam a22003611a 4504</leader>
      <controlfield tag="001">9927870140001551</controlfield>
      <controlfield tag="005">20130704023828.0</controlfield>
      <controlfield tag="008">890303s1902    rur           ||  | rus d</controlfield>
      <datafield ind1=" " ind2=" " tag="010">
         <subfield code="a">72223351</subfield>
      </datafield>
      <datafield ind1=" " ind2=" " tag="035">
         <subfield code="9">89-B4253</subfield>
      </datafield>
      <datafield ind1=" " ind2=" " tag="035">
         <subfield code="a">(OCoLC)57212394</subfield>
      </datafield>
      <datafield ind1=" " ind2=" " tag="035">
         <subfield code="a">236280</subfield>
      </datafield>
      <datafield ind1=" " ind2=" " tag="035">
         <subfield code="a">(CMalG)236280-gettydb-Voyager</subfield>
      </datafield>
      <datafield ind1=" " ind2=" " tag="040">
         <subfield code="a">PSt</subfield>
         <subfield code="c">PSt</subfield>
         <subfield code="d">CMalG</subfield>
      </datafield>
      <datafield ind1="0" ind2="0" tag="050">
         <subfield code="a">NA5697.M66</subfield>
         <subfield code="b">T73</subfield>
      </datafield>
      <datafield ind1=" " ind2=" " tag="090">
         <subfield code="a">NA5697.M66</subfield>
         <subfield code="b">T73 1902</subfield>
      </datafield>
      <datafield ind1="1" ind2=" " tag="100">
         <subfield code="a">Trenev, D. K.</subfield>
      </datafield>
      <datafield ind1="1" ind2="0" tag="240">
         <subfield code="a">Ikonostas Smolenskogo soboro Moskovskogo novodevichʹego monastyri︠a︡</subfield>
      </datafield>
      <datafield ind1="1" ind2="0" tag="245">
         <subfield code="a">Ikonostas Smolenskago sobora Moskovskago novodi︠e︡vichʹi︠a︡go monastyri︠a︡ :</subfield>
         <subfield code="b">obrazt︠s︡ovyĭ russkīĭ ikonostas XVI-XVII vi︠e︡kov, s pribavlenīem kratkoĭ istorīi ikonostasa s drevni︠e︡ĭshikh vremen /</subfield>
         <subfield code="c">D.K. Trenev ; khudozhestvennyi︠a︡ raboty M.Ė. Fleĭshera.</subfield>
      </datafield>
      <datafield ind1=" " ind2=" " tag="260">
         <subfield code="a">Moskva :</subfield>
         <subfield code="b">Izdano pri T︠S︡erkovno-arkheologicheskom otdi︠e︡li︠e︡ Ob-va li︠u︡biteleĭ dukhovnago prosvi︠e︡shchenīi︠a︡,</subfield>
         <subfield code="c">1902.</subfield>
      </datafield>
      <datafield ind1=" " ind2=" " tag="300">
         <subfield code="a">xiii, 184 p. :</subfield>
         <subfield code="b">ill., col. plates ;</subfield>
         <subfield code="c">36 cm.</subfield>
      </datafield>
      <datafield ind1=" " ind2=" " tag="500">
         <subfield code="a">Summary in French.</subfield>
      </datafield>
      <datafield ind1="2" ind2="0" tag="610">
         <subfield code="a">Moskovskiĭ novodevichiĭ monastyrʹ.</subfield>
         <subfield code="b">Smolenskiĭ sobor.</subfield>
         <subfield code="b">Iconostas.</subfield>
      </datafield>
      <datafield ind1="2" ind2=" " tag="710">
         <subfield code="a">Obshchestvo li︠u︡biteleĭ dukhovnago prosvi︠e︡shchenīi︠a︡ (Russia).</subfield>
         <subfield code="b">T︠S︡erkovno-arkheologicheskīĭ otdi︠e︡l.</subfield>
      </datafield>
      <datafield ind1="4" ind2="1" tag="856">
         <subfield code="u">https://www.archive.org/details/gri_33125007837913</subfield>
         <subfield code="z">Getty Research Institute digitized version (Internet Archive)</subfield>
      </datafield>
      <datafield ind1=" " ind2="1" tag="905">
         <subfield code="a">1</subfield>
         <subfield code="b">03/03/89 DW</subfield>
         <subfield code="c">MAI</subfield>
         <subfield code="e">DC</subfield>
      </datafield>
      <datafield ind1=" " ind2="1" tag="906">
         <subfield code="a">FK</subfield>
      </datafield>
      <datafield ind1=" " ind2="1" tag="909">
         <subfield code="a">AMH</subfield>
      </datafield>
      <datafield ind1=" " ind2="1" tag="911">
         <subfield code="a">Fekula Collection</subfield>
      </datafield>
      <datafield ind1=" " ind2=" " tag="921">
         <subfield code="a">b12388014</subfield>
         <subfield code="b">05-09-98</subfield>
         <subfield code="c">04-18-95</subfield>
         <subfield code="d">cc</subfield>
         <subfield code="e">02-04-97</subfield>
         <subfield code="f">a</subfield>
      </datafield>
      <datafield ind1=" " ind2=" " tag="935">
         <subfield code="a">c</subfield>
      </datafield>
      <datafield ind1=" " ind2="1" tag="960">
         <subfield code="b">0</subfield>
      </datafield>
      <datafield ind1=" " ind2="1" tag="981">
         <subfield code="b">1</subfield>
         <subfield code="c">03/03/89 REC</subfield>
         <subfield code="d">MAIN</subfield>
         <subfield code="e">MAIN</subfield>
      </datafield>
      <datafield ind1=" " ind2=" " tag="995">
         <subfield code="a">89-B04253</subfield>
      </datafield>
      <datafield ind1=" " ind2=" " tag="998">
         <subfield code="s">9665</subfield>
         <subfield code="n">CMalG</subfield>
         <subfield code="l">CJPA</subfield>
      </datafield>
   </record>