
   <record>
      <leader>01570cam a2200481Ii 4500</leader>
      <controlfield tag="001">9928836810001551</controlfield>
      <controlfield tag="005">20150310105914.0</controlfield>
      <controlfield tag="008">890829s1908    gw a          000 0 ger d</controlfield>
      <datafield ind1=" " ind2=" " tag="035">
         <subfield code="9">89-B17529</subfield>
      </datafield>
      <datafield ind1=" " ind2=" " tag="035">
         <subfield code="a">(OCoLC)146015398</subfield>
      </datafield>
      <datafield ind1=" " ind2=" " tag="035">
         <subfield code="a">224748</subfield>
      </datafield>
      <datafield ind1=" " ind2=" " tag="035">
         <subfield code="a">(CMalG)224748-gettydb-Voyager</subfield>
      </datafield>
      <datafield ind1=" " ind2=" " tag="035">
         <subfield code="a">(OCoLC)ocn146015398</subfield>
      </datafield>
      <datafield ind1=" " ind2=" " tag="040">
         <subfield code="a">CMalG</subfield>
         <subfield code="b">eng</subfield>
         <subfield code="e">rda</subfield>
         <subfield code="c">JPG</subfield>
         <subfield code="d">OCLCG</subfield>
         <subfield code="d">OCLCF</subfield>
         <subfield code="d">JPG</subfield>
      </datafield>
      <datafield ind1=" " ind2=" " tag="049">
         <subfield code="a">JPGA</subfield>
      </datafield>
      <datafield ind1="1" ind2=" " tag="100">
         <subfield code="a">Vogeler, Heinrich,</subfield>
         <subfield code="d">1872-1942,</subfield>
         <subfield code="e">artist.</subfield>
      </datafield>
      <datafield ind1="1" ind2="4" tag="245">
         <subfield code="a">Die Radierungen von Heinrich Vogeler-Worpswede aus den Jahren 1890-1907.</subfield>
      </datafield>
      <datafield ind1=" " ind2="1" tag="264">
         <subfield code="a">Worpswede :</subfield>
         <subfield code="b">Kunst- und Kunstgewerbehaus G.m.b.H.,</subfield>
         <subfield code="c">1908.</subfield>
      </datafield>
      <datafield ind1=" " ind2=" " tag="300">
         <subfield code="a">2 unnumbered pages, 32 pages :</subfield>
         <subfield code="b">illustrations ;</subfield>
         <subfield code="c">18 cm</subfield>
      </datafield>
      <datafield ind1=" " ind2=" " tag="336">
         <subfield code="a">text</subfield>
         <subfield code="b">txt</subfield>
         <subfield code="2">rdacontent</subfield>
      </datafield>
      <datafield ind1=" " ind2=" " tag="336">
         <subfield code="a">still image</subfield>
         <subfield code="b">sti</subfield>
         <subfield code="2">rdacontent</subfield>
      </datafield>
      <datafield ind1=" " ind2=" " tag="337">
         <subfield code="a">unmediated</subfield>
         <subfield code="b">n</subfield>
         <subfield code="2">rdamedia</subfield>
      </datafield>
      <datafield ind1=" " ind2=" " tag="338">
         <subfield code="a">volume</subfield>
         <subfield code="b">nc</subfield>
         <subfield code="2">rdacarrier</subfield>
      </datafield>
      <datafield ind1=" " ind2=" " tag="590">
         <subfield code="a">Price list inserted.</subfield>
      </datafield>
      <datafield ind1=" " ind2=" " tag="500">
         <subfield code="a">Chiefly illustrated.</subfield>
      </datafield>
      <datafield ind1=" " ind2=" " tag="500">
         <subfield code="a">Includes price list.</subfield>
      </datafield>
      <datafield ind1="1" ind2="0" tag="600">
         <subfield code="a">Vogeler, Heinrich,</subfield>
         <subfield code="d">1872-1942</subfield>
         <subfield code="v">Catalogs.</subfield>
      </datafield>
      <datafield ind1="1" ind2="7" tag="600">
         <subfield code="a">Vogeler, Heinrich,</subfield>
         <subfield code="d">1872-1942.</subfield>
         <subfield code="2">fast</subfield>
         <subfield code="0">(OCoLC)fst00004504</subfield>
      </datafield>
      <datafield ind1="2" ind2=" " tag="710">
         <subfield code="a">Kunst- und Kunstgewerbehaus Worpswede,</subfield>
         <subfield code="e">issuing body.</subfield>
      </datafield>
      <datafield ind1=" " ind2=" " tag="752">
         <subfield code="a">Germany</subfield>
         <subfield code="d">Worpswede.</subfield>
      </datafield>
      <datafield ind1="4" ind2="1" tag="856">
         <subfield code="u">https://www.archive.org/details/dieradierungenvo00voge_0</subfield>
         <subfield code="z">Getty Research Institute digitized version (Internet Archive)</subfield>
      </datafield>
      <datafield ind1=" " ind2="1" tag="905">
         <subfield code="a">1</subfield>
         <subfield code="b">08/29/89 JEN</subfield>
         <subfield code="c">MAI</subfield>
         <subfield code="e">DC</subfield>
      </datafield>
      <datafield ind1=" " ind2="1" tag="906">
         <subfield code="a">ATZ</subfield>
      </datafield>
      <datafield ind1=" " ind2="1" tag="909">
         <subfield code="a">AMH</subfield>
      </datafield>
      <datafield ind1=" " ind2=" " tag="911">
         <subfield code="a">Arntz Library</subfield>
         <subfield code="e">c.1</subfield>
      </datafield>
      <datafield ind1=" " ind2=" " tag="921">
         <subfield code="a">b12271949</subfield>
         <subfield code="b">06-08-98</subfield>
         <subfield code="c">04-18-95</subfield>
         <subfield code="d">sc</subfield>
         <subfield code="e">20150310</subfield>
         <subfield code="f">a</subfield>
      </datafield>
      <datafield ind1=" " ind2=" " tag="935">
         <subfield code="a">c</subfield>
      </datafield>
      <datafield ind1=" " ind2=" " tag="936">
         <subfield code="c">!blm</subfield>
      </datafield>
      <datafield ind1=" " ind2=" " tag="947">
         <subfield code="a">oclc mm 5/97</subfield>
      </datafield>
      <datafield ind1=" " ind2="1" tag="960">
         <subfield code="b">0</subfield>
      </datafield>
      <datafield ind1=" " ind2="1" tag="981">
         <subfield code="b">1</subfield>
         <subfield code="c">08/29/89 REC</subfield>
         <subfield code="d">MAIN</subfield>
         <subfield code="e">MAIN</subfield>
      </datafield>
      <datafield ind1=" " ind2=" " tag="994">
         <subfield code="a">C0</subfield>
         <subfield code="b">JPG</subfield>
      </datafield>
      <datafield ind1=" " ind2=" " tag="995">
         <subfield code="a">89-B17529</subfield>
      </datafield>
      <datafield ind1=" " ind2=" " tag="998">
         <subfield code="s">9668</subfield>
         <subfield code="n">CMalG</subfield>
         <subfield code="l">CJPA</subfield>
      </datafield>
   </record>