
   <record>
      <leader>02616cam a2200541Ia 4500</leader>
      <controlfield tag="001">9928880380001551</controlfield>
      <controlfield tag="005">20130704104438.0</controlfield>
      <controlfield tag="008">930817m17651781it            000 0 lat  </controlfield>
      <datafield ind1=" " ind2=" " tag="010">
         <subfield code="a">   09022500 </subfield>
      </datafield>
      <datafield ind1=" " ind2=" " tag="035">
         <subfield code="a">(OCoLC)ocm05249213</subfield>
      </datafield>
      <datafield ind1=" " ind2=" " tag="035">
         <subfield code="9">93-B16108</subfield>
      </datafield>
      <datafield ind1=" " ind2=" " tag="035">
         <subfield code="a">(OCoLC)5249213</subfield>
      </datafield>
      <datafield ind1=" " ind2=" " tag="035">
         <subfield code="a">304143</subfield>
      </datafield>
      <datafield ind1=" " ind2=" " tag="035">
         <subfield code="a">(CMalG)304143-gettydb-Voyager</subfield>
      </datafield>
      <datafield ind1=" " ind2=" " tag="040">
         <subfield code="a">DLC</subfield>
         <subfield code="c">COO</subfield>
         <subfield code="d">OCL</subfield>
         <subfield code="d">OCLCQ</subfield>
         <subfield code="d">IUL</subfield>
         <subfield code="d">JPG</subfield>
         <subfield code="e">dcrmb</subfield>
      </datafield>
      <datafield ind1="0" ind2=" " tag="041">
         <subfield code="a">lat</subfield>
         <subfield code="a">grc</subfield>
      </datafield>
      <datafield ind1=" " ind2=" " tag="043">
         <subfield code="a">e-it---</subfield>
      </datafield>
      <datafield ind1=" " ind2="4" tag="050">
         <subfield code="a">BR60</subfield>
         <subfield code="b">.B48 1765</subfield>
      </datafield>
      <datafield ind1="0" ind2="0" tag="245">
         <subfield code="a">Bibliotheca veterum patrum atiquorumque scriptorum ecclesiasticorum, postrema Lugdunensi longe locupletior atque accuratior /</subfield>
         <subfield code="c">cura &amp; studio Andreeæ Gallandii presbyteri Congregationis Oratorii.</subfield>
      </datafield>
      <datafield ind1=" " ind2=" " tag="260">
         <subfield code="a">Venetiis :</subfield>
         <subfield code="b">Ex typographia Joaniis Baptistæ Albritii Hieron. fil.,</subfield>
         <subfield code="c">MDCCLXV-MDCCLXXXI [1765-1781]</subfield>
      </datafield>
      <datafield ind1=" " ind2=" " tag="300">
         <subfield code="a">14 v. ;</subfield>
         <subfield code="c">43 cm. (fol.)</subfield>
      </datafield>
      <datafield ind1=" " ind2=" " tag="500">
         <subfield code="a">Title printed in red and black; engraved title vignette;  engraved pictorial initials; tail-pieces.</subfield>
      </datafield>
      <datafield ind1=" " ind2=" " tag="546">
         <subfield code="a">Latin and Greek.</subfield>
      </datafield>
      <datafield ind1=" " ind2=" " tag="590">
         <subfield code="a">Bound in paper-covered boards; vellum spine with gilt label; edges sprinkled blue; armorial bookplates on front pastedown (removed from v. 6); stamp of King's Inns Library Dublin on t.p. versos.</subfield>
      </datafield>
      <datafield ind1=" " ind2="0" tag="650">
         <subfield code="a">Fathers of the church</subfield>
         <subfield code="v">Early works to 1800.</subfield>
      </datafield>
      <datafield ind1=" " ind2="0" tag="650">
         <subfield code="a">Christian literature</subfield>
         <subfield code="v">Early works to 1800.</subfield>
      </datafield>
      <datafield ind1=" " ind2="7" tag="655">
         <subfield code="a">Engravings</subfield>
         <subfield code="z">Italy</subfield>
         <subfield code="y">18th century.</subfield>
         <subfield code="2">aat</subfield>
      </datafield>
      <datafield ind1="1" ind2=" " tag="700">
         <subfield code="a">Gallandi, Andreas,</subfield>
         <subfield code="d">1709-1779.</subfield>
      </datafield>
      <datafield ind1="1" ind2=" " tag="700">
         <subfield code="a">Albrizzi, Giovanni Battista,</subfield>
         <subfield code="d">1698-1777.</subfield>
      </datafield>
      <datafield ind1=" " ind2=" " tag="752">
         <subfield code="a">Italy</subfield>
         <subfield code="d">Venice.</subfield>
      </datafield>
      <datafield ind1="4" ind2="1" tag="856">
         <subfield code="u">https://www.archive.org/details/gri_33125011194707</subfield>
         <subfield code="z">Getty Research Institute digitized version (Internet Archive), v.1</subfield>
      </datafield>
      <datafield ind1="4" ind2="1" tag="856">
         <subfield code="u">https://www.archive.org/details/gri_33125011194764</subfield>
         <subfield code="z">Getty Research Institute digitized version (Internet Archive), v.2</subfield>
      </datafield>
      <datafield ind1="4" ind2="1" tag="856">
         <subfield code="u">https://www.archive.org/details/gri_33125011194236</subfield>
         <subfield code="z">Getty Research Institute digitized version (Internet Archive), v.3</subfield>
      </datafield>
      <datafield ind1="4" ind2="1" tag="856">
         <subfield code="u">https://www.archive.org/details/gri_33125011194293</subfield>
         <subfield code="z">Getty Research Institute digitized version (Internet Archive), v.4</subfield>
      </datafield>
      <datafield ind1="4" ind2="1" tag="856">
         <subfield code="u">https://www.archive.org/details/gri_33125011194350</subfield>
         <subfield code="z">Getty Research Institute digitized version (Internet Archive), v.5</subfield>
      </datafield>
      <datafield ind1="4" ind2="1" tag="856">
         <subfield code="u">https://www.archive.org/details/gri_33125011194418</subfield>
         <subfield code="z">Getty Research Institute digitized version (Internet Archive), 6</subfield>
      </datafield>
      <datafield ind1="4" ind2="1" tag="856">
         <subfield code="u">https://www.archive.org/details/gri_33125011194475</subfield>
         <subfield code="z">Getty Research Institute digitized version (Internet Archive), 7</subfield>
      </datafield>
      <datafield ind1="4" ind2="1" tag="856">
         <subfield code="u">https://www.archive.org/details/gri_33125011194533</subfield>
         <subfield code="z">Getty Research Institute digitized version (Internet Archive), 8</subfield>
      </datafield>
      <datafield ind1="4" ind2="1" tag="856">
         <subfield code="u">https://www.archive.org/details/gri_33125011194590</subfield>
         <subfield code="z">Getty Research Institute digitized version (Internet Archive), 9</subfield>
      </datafield>
      <datafield ind1="4" ind2="1" tag="856">
         <subfield code="u">https://www.archive.org/details/gri_33125011194657</subfield>
         <subfield code="z">Getty Research Institute digitized version (Internet Archive), 10</subfield>
      </datafield>
      <datafield ind1="4" ind2="1" tag="856">
         <subfield code="u">https://www.archive.org/details/gri_33125011194715</subfield>
         <subfield code="z">Getty Research Institute digitized version (Internet Archive), 11</subfield>
      </datafield>
      <datafield ind1="4" ind2="1" tag="856">
         <subfield code="u">https://www.archive.org/details/gri_33125008697738</subfield>
         <subfield code="z">Getty Research Institute digitized version (Internet Archive), 12</subfield>
      </datafield>
      <datafield ind1="4" ind2="1" tag="856">
         <subfield code="u">https://www.archive.org/details/gri_33125008697795</subfield>
         <subfield code="z">Getty Research Institute digitized version (Internet Archive), 13</subfield>
      </datafield>
      <datafield ind1="4" ind2="1" tag="856">
         <subfield code="u">https://www.archive.org/details/gri_33125008700169</subfield>
         <subfield code="z">Getty Research Institute digitized version (Internet Archive), 14</subfield>
      </datafield>
      <datafield ind1=" " ind2="1" tag="905">
         <subfield code="a">1</subfield>
         <subfield code="b">08/17/93 IZ</subfield>
         <subfield code="c">MAI</subfield>
         <subfield code="e">DC</subfield>
      </datafield>
      <datafield ind1=" " ind2="1" tag="906">
         <subfield code="a">SW</subfield>
      </datafield>
      <datafield ind1=" " ind2="1" tag="909">
         <subfield code="a">AMH</subfield>
      </datafield>
      <datafield ind1=" " ind2=" " tag="911">
         <subfield code="a">Schäfer Williams Collection</subfield>
      </datafield>
      <datafield ind1=" " ind2=" " tag="921">
         <subfield code="a">b13073680</subfield>
         <subfield code="b">05-19-99</subfield>
         <subfield code="c">04-25-95</subfield>
         <subfield code="d">sc</subfield>
         <subfield code="e">20080117</subfield>
         <subfield code="f">a</subfield>
      </datafield>
      <datafield ind1=" " ind2=" " tag="935">
         <subfield code="a">c</subfield>
      </datafield>
      <datafield ind1=" " ind2=" " tag="936">
         <subfield code="c">!blm</subfield>
      </datafield>
      <datafield ind1=" " ind2=" " tag="947">
         <subfield code="a">oclc mm 5/97</subfield>
      </datafield>
      <datafield ind1=" " ind2=" " tag="947">
         <subfield code="a">mm restored pre-match record 5/1998</subfield>
      </datafield>
      <datafield ind1=" " ind2=" " tag="947">
         <subfield code="a">Marcadia 990519a</subfield>
      </datafield>
      <datafield ind1=" " ind2=" " tag="948">
         <subfield code="a">5249213</subfield>
      </datafield>
      <datafield ind1=" " ind2="1" tag="981">
         <subfield code="b">1</subfield>
         <subfield code="c">08/17/93 REC</subfield>
         <subfield code="d">MAIN</subfield>
         <subfield code="e">MAIN</subfield>
         <subfield code="f">(v.1-14)</subfield>
      </datafield>
      <datafield ind1=" " ind2=" " tag="995">
         <subfield code="a">93-B16108</subfield>
      </datafield>
   </record>