
   <record>
      <leader>02783cam a2200517 a 4500</leader>
      <controlfield tag="001">9929827530001551</controlfield>
      <controlfield tag="005">20150424103424.0</controlfield>
      <controlfield tag="008">130713s1668    fr af         000 0 fre d</controlfield>
      <datafield ind1=" " ind2=" " tag="035">
         <subfield code="9">92-B12688</subfield>
      </datafield>
      <datafield ind1=" " ind2=" " tag="035">
         <subfield code="a">(OCoLC)83681564</subfield>
      </datafield>
      <datafield ind1=" " ind2=" " tag="035">
         <subfield code="a">271814</subfield>
      </datafield>
      <datafield ind1=" " ind2=" " tag="035">
         <subfield code="a">(CMalG)271814-gettydb-Voyager</subfield>
      </datafield>
      <datafield ind1=" " ind2=" " tag="040">
         <subfield code="a">CtY-M</subfield>
         <subfield code="c">CtY-M</subfield>
         <subfield code="d">DNGA</subfield>
         <subfield code="d">CMalG</subfield>
      </datafield>
      <datafield ind1=" " ind2=" " tag="043">
         <subfield code="a">e-fr---</subfield>
      </datafield>
      <datafield ind1="1" ind2=" " tag="100">
         <subfield code="a">Piles, Roger de,</subfield>
         <subfield code="d">1635-1709.</subfield>
      </datafield>
      <datafield ind1="1" ind2="0" tag="245">
         <subfield code="a">Abregé d'anatomie, accommodé aux arts de peinture et de sculpture :</subfield>
         <subfield code="b">et mis dans un ordre nouveau, dont la methode est tres-facile ... : ouvrage tres-utile, &amp; tres necessaire à tous ceux qui font profession du dessein /</subfield>
         <subfield code="c">mis en lumiere par François Tortebat ...</subfield>
      </datafield>
      <datafield ind1="3" ind2=" " tag="246">
         <subfield code="a">Abregé d'anatomie, accommodé avx arts de peintvre et de scvlptvre</subfield>
      </datafield>
      <datafield ind1=" " ind2=" " tag="260">
         <subfield code="a">Et se vendent a Paris :</subfield>
         <subfield code="b">Chez ledit Tortebat ...,</subfield>
         <subfield code="c">1667 [i.e. 1668]</subfield>
      </datafield>
      <datafield ind1=" " ind2=" " tag="300">
         <subfield code="a">[34] p. :</subfield>
         <subfield code="b">ill. ;</subfield>
         <subfield code="c">46 cm. (fol.)</subfield>
      </datafield>
      <datafield ind1=" " ind2=" " tag="500">
         <subfield code="a">Privilege dated January 2nd, 1668.</subfield>
      </datafield>
      <datafield ind1=" " ind2=" " tag="500">
         <subfield code="a">Engraved full-page illustrations signed "F.T." with letter-press text on verso. Based on the illustrations in the works of Andreas Vesalius.</subfield>
      </datafield>
      <datafield ind1=" " ind2=" " tag="500">
         <subfield code="a">By Roger de Piles, using the name of François Tortebat--Cf. Dict. of art, 1996, v. 24, p. 805.</subfield>
      </datafield>
      <datafield ind1=" " ind2=" " tag="590">
         <subfield code="a">Library's copy bound with: L'Anatomie : necessaire pour l'usage du dessein / par Edme Bouchardon, sculpteur du roi. A Paris : Chez Chereau et Joubert ..., [1741]</subfield>
      </datafield>
      <datafield ind1=" " ind2=" " tag="590">
         <subfield code="a">Imprint date modified in ink on title-page to read "M.DC.LXVIII."</subfield>
      </datafield>
      <datafield ind1=" " ind2="0" tag="650">
         <subfield code="a">Human anatomy</subfield>
         <subfield code="v">Early works to 1800.</subfield>
      </datafield>
      <datafield ind1=" " ind2="0" tag="650">
         <subfield code="a">Human anatomy</subfield>
         <subfield code="v">Atlases</subfield>
         <subfield code="v">Early works to 1800.</subfield>
      </datafield>
      <datafield ind1=" " ind2="0" tag="650">
         <subfield code="a">Anatomy, Artistic</subfield>
         <subfield code="v">Early works to 1800.</subfield>
      </datafield>
      <datafield ind1=" " ind2="7" tag="655">
         <subfield code="a">Engravings</subfield>
         <subfield code="z">France</subfield>
         <subfield code="y">17th century.</subfield>
         <subfield code="2">aat</subfield>
      </datafield>
      <datafield ind1="1" ind2=" " tag="700">
         <subfield code="a">Tortebat, François,</subfield>
         <subfield code="d">d. 1690.</subfield>
      </datafield>
      <datafield ind1="1" ind2=" " tag="700">
         <subfield code="a">Vesalius, Andreas,</subfield>
         <subfield code="d">1514-1564.</subfield>
         <subfield code="t">De humani corporis fabrica.</subfield>
      </datafield>
      <datafield ind1="1" ind2=" " tag="700">
         <subfield code="a">Vesalius, Andreas,</subfield>
         <subfield code="d">1514-1564.</subfield>
         <subfield code="t">Epitome of Andreas Vesalius.</subfield>
      </datafield>
      <datafield ind1="1" ind2=" " tag="700">
         <subfield code="a">Calcar, Jan Stephan van,</subfield>
         <subfield code="d">1499-1546?</subfield>
      </datafield>
      <datafield ind1="0" ind2="8" tag="776">
         <subfield code="i">Online version:</subfield>
         <subfield code="a">Piles, Roger de, 1635-1709.</subfield>
         <subfield code="t">Abregé d'anatomie, accommodé aux arts de peinture et de sculpture.</subfield>
         <subfield code="d">Et se vendent a Paris : Chez ledit Tortebat ..., 1667 [i.e. 1668]</subfield>
         <subfield code="w">(OCoLC)870683509</subfield>
      </datafield>
      <datafield ind1="4" ind2="1" tag="856">
         <subfield code="u">https://www.archive.org/details/gri_33125008533412</subfield>
         <subfield code="z">Getty Research Institute digitized version (Internet Archive)</subfield>
      </datafield>
      <datafield ind1=" " ind2="1" tag="905">
         <subfield code="a">1</subfield>
         <subfield code="b">05/15/92 JEN</subfield>
         <subfield code="c">MAI</subfield>
         <subfield code="e">DZ</subfield>
      </datafield>
      <datafield ind1=" " ind2="1" tag="906">
         <subfield code="b">Martayan Lan</subfield>
         <subfield code="c">38 E. 57th St</subfield>
         <subfield code="d">New York, NY  10022</subfield>
      </datafield>
      <datafield ind1=" " ind2="1" tag="907">
         <subfield code="b">LGET04</subfield>
      </datafield>
      <datafield ind1=" " ind2="1" tag="908">
         <subfield code="a">pr/4600.00,inv#NNLAN920413,invd920413,inrd920515</subfield>
      </datafield>
      <datafield ind1=" " ind2="1" tag="909">
         <subfield code="a">JME</subfield>
      </datafield>
      <datafield ind1=" " ind2=" " tag="921">
         <subfield code="a">b12746289</subfield>
         <subfield code="b">06-09-98</subfield>
         <subfield code="c">04-21-95</subfield>
         <subfield code="d">sc</subfield>
         <subfield code="e">20030814</subfield>
         <subfield code="f">a</subfield>
      </datafield>
      <datafield ind1=" " ind2=" " tag="935">
         <subfield code="a">c</subfield>
      </datafield>
      <datafield ind1=" " ind2=" " tag="936">
         <subfield code="c">!jes</subfield>
      </datafield>
      <datafield ind1=" " ind2=" " tag="947">
         <subfield code="a">oclc mm 5/97</subfield>
      </datafield>
      <datafield ind1=" " ind2=" " tag="948">
         <subfield code="a">14295084</subfield>
      </datafield>
      <datafield ind1=" " ind2="1" tag="981">
         <subfield code="b">1</subfield>
         <subfield code="c">05/15/92 REC</subfield>
         <subfield code="d">MAIN</subfield>
         <subfield code="e">MAIN</subfield>
      </datafield>
      <datafield ind1=" " ind2=" " tag="995">
         <subfield code="a">92-B12688</subfield>
      </datafield>
   </record>