
   <record>
      <leader>02074cam a22004691  4500</leader>
      <controlfield tag="001">9930157560001551</controlfield>
      <controlfield tag="005">20130703141610.0</controlfield>
      <controlfield tag="008">850627s1668    enka          000 0 eng d</controlfield>
      <datafield ind1=" " ind2=" " tag="010">
         <subfield code="a">45041930 //r842</subfield>
      </datafield>
      <datafield ind1=" " ind2=" " tag="035">
         <subfield code="9">85-B14823</subfield>
      </datafield>
      <datafield ind1=" " ind2=" " tag="035">
         <subfield code="a">(OCoLC)8990441</subfield>
      </datafield>
      <datafield ind1=" " ind2=" " tag="035">
         <subfield code="a">53999</subfield>
      </datafield>
      <datafield ind1=" " ind2=" " tag="035">
         <subfield code="a">(CMalG)53999-gettydb-Voyager</subfield>
      </datafield>
      <datafield ind1=" " ind2=" " tag="040">
         <subfield code="c">TU</subfield>
         <subfield code="d">TU</subfield>
         <subfield code="d">CMalG</subfield>
         <subfield code="e">dcrb</subfield>
      </datafield>
      <datafield ind1="1" ind2=" " tag="041">
         <subfield code="a">eng</subfield>
         <subfield code="h">fre</subfield>
      </datafield>
      <datafield ind1=" " ind2="0" tag="050">
         <subfield code="a">ND1130</subfield>
         <subfield code="b">.F68</subfield>
      </datafield>
      <datafield ind1="1" ind2=" " tag="100">
         <subfield code="a">Fréart, Roland,</subfield>
         <subfield code="c">sieur de Chambray,</subfield>
         <subfield code="d">1606-1676.</subfield>
      </datafield>
      <datafield ind1="0" ind2="0" tag="240">
         <subfield code="a">Idée de la perfection de la peinture</subfield>
      </datafield>
      <datafield ind1="1" ind2="3" tag="245">
         <subfield code="a">An idea of the perfection of painting:</subfield>
         <subfield code="b">demonstrated from the principles of art, and by examples conformable to the observations, which Pliny and Quintilian have made upon the most celebrated pieces of the antient painters, parallel'd with some works of the most famous modern painters, Leonardo da Vinci, Raphael, Julio Romano, and N. Poussin.</subfield>
         <subfield code="c">Written in French by Roland Freart, sieur de Cambray, and rendered English by J. E. esquire, fellow of the Royal society.</subfield>
      </datafield>
      <datafield ind1=" " ind2=" " tag="260">
         <subfield code="a">[London]</subfield>
         <subfield code="b">In the Savoy, printed for Henry Herringman...</subfield>
         <subfield code="c">1668.</subfield>
      </datafield>
      <datafield ind1=" " ind2=" " tag="300">
         <subfield code="a">20 p.ℓ., 136 p.</subfield>
         <subfield code="c">17 cm. (8vo)</subfield>
      </datafield>
      <datafield ind1=" " ind2=" " tag="500">
         <subfield code="a">Translation by John Evelyn, who signed dedication and preface.</subfield>
      </datafield>
      <datafield ind1=" " ind2=" " tag="500">
         <subfield code="a">Signatures: A⁸ a⁴ b⁸ B-I⁸ K⁴.</subfield>
      </datafield>
      <datafield ind1=" " ind2=" " tag="500">
         <subfield code="a">Errata, b8v.</subfield>
      </datafield>
      <datafield ind1=" " ind2=" " tag="590">
         <subfield code="a">Binding: old sheepskin, rebacked. Double fillets along margins of boards, fleurons at corners. Edges sprinkled red &amp; brown.</subfield>
      </datafield>
      <datafield ind1=" " ind2=" " tag="590">
         <subfield code="a">19th-century armorial bookplate (quarterly Harcourt and Vernon, impaling Sheffield).</subfield>
      </datafield>
      <datafield ind1=" " ind2="0" tag="650">
         <subfield code="a">Painting</subfield>
         <subfield code="v">Early works to 1800.</subfield>
      </datafield>
      <datafield ind1="1" ind2=" " tag="700">
         <subfield code="a">Evelyn, John,</subfield>
         <subfield code="d">1620-1706.</subfield>
      </datafield>
      <datafield ind1="1" ind2=" " tag="700">
         <subfield code="a">Herringman, Henry,</subfield>
         <subfield code="d">-1704.</subfield>
      </datafield>
      <datafield ind1=" " ind2=" " tag="752">
         <subfield code="a">England</subfield>
         <subfield code="d">London.</subfield>
      </datafield>
      <datafield ind1="4" ind2="1" tag="856">
         <subfield code="u">https://www.archive.org/details/ideaofperfection00frea_0</subfield>
         <subfield code="z">Getty Research Institute digitized version (Internet Archive)</subfield>
      </datafield>
      <datafield ind1=" " ind2="1" tag="905">
         <subfield code="a">1</subfield>
         <subfield code="b">06/27/85 JJR</subfield>
         <subfield code="c">MAI</subfield>
         <subfield code="e">UO</subfield>
      </datafield>
      <datafield ind1=" " ind2="1" tag="906">
         <subfield code="a">QUAR</subfield>
      </datafield>
      <datafield ind1=" " ind2="1" tag="907">
         <subfield code="b">LGET04</subfield>
         <subfield code="d">1,400.00</subfield>
      </datafield>
      <datafield ind1=" " ind2="1" tag="908">
         <subfield code="a">pr/1400.00,inv#R0069,invd850703,inrd850904</subfield>
      </datafield>
      <datafield ind1=" " ind2="1" tag="909">
         <subfield code="a">MR</subfield>
      </datafield>
      <datafield ind1=" " ind2=" " tag="921">
         <subfield code="a">b10546868</subfield>
         <subfield code="b">06-04-98</subfield>
         <subfield code="c">04-11-95</subfield>
         <subfield code="d">sc</subfield>
         <subfield code="e">20050614</subfield>
      </datafield>
      <datafield ind1=" " ind2=" " tag="935">
         <subfield code="a">c</subfield>
      </datafield>
      <datafield ind1=" " ind2=" " tag="936">
         <subfield code="c">!dw</subfield>
      </datafield>
      <datafield ind1=" " ind2="1" tag="942">
         <subfield code="b">ART &amp; ARCHITECTURE/49</subfield>
      </datafield>
      <datafield ind1=" " ind2="1" tag="960">
         <subfield code="b">0</subfield>
      </datafield>
      <datafield ind1=" " ind2="1" tag="981">
         <subfield code="b">1</subfield>
         <subfield code="c">09/04/85 REC</subfield>
         <subfield code="d">MAIN</subfield>
         <subfield code="e">MAIN</subfield>
         <subfield code="i">06/27/85 ORD</subfield>
      </datafield>
      <datafield ind1=" " ind2=" " tag="995">
         <subfield code="a">85-B14823</subfield>
      </datafield>
      <datafield ind1=" " ind2=" " tag="998">
         <subfield code="s">9120</subfield>
         <subfield code="n">CMalG</subfield>
         <subfield code="l">CJPA</subfield>
      </datafield>
   </record>
</collection>